1794 2318
689 109 977 146 -5-

49 205 80 234 in
104 203 166 236 hoc
188 204 314 246 quidem
340 203 490 234 antitheto
512 202 607 242 plane
628 212 690 232 non
714 212 824 242 posse3
857 213 1046 244 quamquam
1069 213 1110 233 ne
1128 203 1159 233 id
1183 203 1309 244 quidem
1331 203 1431 235 licere
1452 205 1570 245 iudico,
1589 212 1625 236 ut

47 247 131 276 domi
144 247 184 276 ita
198 247 459 286 interpretemnr3
482 244 538 274 sed
554 244 777 285 opponendum
795 251 862 275 erat
875 245 1067 285 reipublicae
1080 254 1211 283 regnum.
1224 245 1322 275 multo
1341 256 1416 276 vero
1427 248 1529 277 minus
1540 247 1624 277 istud

48 287 233 319 adverbium
259 287 297 317 ab
318 297 374 316 usu
399 293 548 318 consueto
563 286 595 315 in
617 285 699 315 hanc
714 286 876 316 notionem
890 296 983 326 posse
997 286 1169 326 transferri,
1192 287 1404 328 unusquisque
1421 289 1624 319 concesserit.

197 336 308 369 Verbo
333 335 463 367 sortasse
485 336 578 365 etiam
599 335 742 375 proxima
756 336 912 377 tangenda
928 343 1016 366 sunt:
1043 337 1151 377 Africa
1171 349 1210 368 ac
1232 339 1401 377 legiones
1423 341 1458 369 in
1481 350 1520 369 ea
1542 341 1626 371 imer-

5 390 7 422 i
39 378 123 420 fecto
151 378 253 408 Clodio
278 379 385 407 Macro
413 385 548 407 contenta
577 378 767 416 qualicunque
795 379 923 418 principe
938 386 1010 418 post
1032 381 1262 418 experimentum
1282 382 1395 411 domini
1415 383 1556 415 minoris;
1593 383 1624 412 in

5 425 7 444 l
49 419 163 461 quibus
186 419 285 449 verba
308 424 412 448 notata
437 420 488 448 Fr.
512 419 618 448 Ritter
648 418 821 448 inducenda
850 419 1032 450 arbitratur.
1083 420 1147 450 Sed
1175 422 1348 460 pluralem,
1379 423 1517 460 legiones,
1553 433 1625 453 cum

49 471 109 490 una
134 462 165 490 in
193 461 301 491 Africa
330 468 426 499 esset,
456 461 517 489 iam
549 471 565 489 a
593 460 700 500 Lipsio
734 460 898 490 Ernestius
930 460 1088 499 defendit3
1125 462 1210 503 quod
1234 469 1338 492 autem
1360 463 1459 493 verba
1483 465 1625 503 proxima

48 502 171 542 potius,
195 512 252 531 cur
273 502 437 542 provincia
462 501 633 542 quieverit,
656 501 784 539 docent,
815 512 907 543 quam
930 512 987 532 cur
1009 503 1108 544 legio,
1130 504 1212 533 ratio
1235 504 1265 533 in
1288 504 1425 544 proclivi
1447 512 1502 535 est.
1545 506 1625 536 Nam

48 543 282 584 provinciarum
305 549 401 573 status
421 552 479 583 per
502 543 605 573 omnia
629 542 704 572 haec
725 543 826 583 capita
855 551 1036 581 enarratur,
1068 555 1129 585 quo
1159 545 1317 585 patefacto
1347 546 1437 575 simul
1467 546 1625 587 legionum

48 585 143 614 animi
170 585 393 626 intelliguntur.
443 584 552 614 Fuisse
579 590 680 614 tamen
704 583 865 624 legionum
889 595 1018 626 quoque
1046 584 1219 616 faciendam
1240 587 1445 626 mentionem,
1476 598 1527 617 res
1558 588 1624 628 ipsa

8 633 11 636 ’
49 625 159 666 docet,
189 632 219 655 et
243 626 356 656 factam
380 626 432 654 hio
457 635 524 655 esse
547 625 707 667 sequentia
728 631 922 656 monstrant:
957 628 1052 657 Duae
1076 628 1278 658 Mauritaniae
1301 635 1376 666 eto,
1407 637 1434 658 et
1455 640 1528 668 quae
1550 631 1625 660 aliae

42 668 285 707 procuratoribus
311 668 491 705 cohibentur,
527 674 561 696 uz
592 668 717 706 cuique
753 669 935 697 exercitui
964 669 1123 706 vicinas,
1158 671 1200 699 ila
1228 671 1257 699 in
1277 670 1419 711 favorem
1448 679 1500 700 aut
1524 672 1625 702 odium

47 717 183 739 contactu
205 710 396 739 valentiorum
418 711 586 745 agebantur.

720 771 815 802 nist.
836 772 869 810 1.,
902 771 952 802 12.

199 831 291 860 .Multi
312 830 402 859 stulta
423 840 482 870 spe,
498 837 590 869 prout
612 831 677 869 quis
698 831 810 859 amicus
833 830 877 860 vel
898 831 994 868 cliens,
1016 831 1092 860 hunc
1113 831 1157 860 vel
1177 831 1261 861 illum
1282 832 1506 871 ambitionis
1527 842 1624 862 rumo-

49 872 127 901 ribus
149 871 339 901 destinabant.

202 923 346 961 Mireres,
372 921 459 962 quod
488 922 583 952 hodie
606 932 731 963 quoque
753 922 962 961 inveniantur,
989 923 1043 964 qui
1064 923 1230 953 ambitiosis
1251 923 1418 953 rumoribus
1439 929 1550 953 contra
1573 933 1626 954 co-

50 963 155 994 dicum
179 973 366 993 consensum
396 964 438 993 uti
467 964 586 1003 malint,
615 974 712 1004 quum
734 963 847 994 eodem
870 965 965 1004 plane
987 975 1039 994 res
1061 965 1182 994 redeat.
1236 965 1313 994 Nam
1339 970 1370 994 et
1393 964 1571 995 ambitionis
1594 972 1625 995 et

50 1005 205 1035 ambitiosi
227 1015 372 1034 rumores
395 1011 465 1034 sunt
488 1005 727 1035 ambitiosorum
749 1005 922 1043 hominum,
951 1006 971 1035 i.
995 1016 1021 1035 e.
1045 1016 1152 1035 eorum
1173 1005 1228 1046 qui
1250 1005 1382 1046 gratiam
1407 1012 1625 1046 patronorum,

50 1057 129 1088 quos
152 1046 314 1086 adoptioni
339 1046 507 1084 destinant,
535 1046 691 1075 ambiunt:
725 1047 851 1076 Pariter
873 1049 934 1076 odii
963 1056 1096 1076 rumores
1124 1046 1224 1083 dicas,
1253 1048 1326 1087 quia
1348 1047 1434 1077 Vinii
1459 1047 1533 1077 odio
1562 1059 1625 1078 non

50 1089 151 1118 minus
175 1088 226 1117 alii
246 1087 468 1127 movebantur,
491 1098 583 1127 quam
607 1087 659 1116 alii
681 1093 890 1127 patronorum
913 1088 1083 1117 ambitione
1106 1098 1142 1117 ac
1165 1098 1219 1127 spe
1242 1088 1347 1117 stulta.

200 1139 325 1168 Deinde
349 1138 488 1168 eiusdem
512 1138 585 1167 libri
608 1138 638 1167 in
664 1141 736 1178 cap?
755 1139 794 1170 13
817 1149 898 1168 nunc
921 1140 978 1169 erit
998 1139 1184 1180 legendum:
1213 1150 1294 1178 spem
1316 1140 1484 1178 adoptionis
1506 1139 1625 1180 (Otho)

50 1182 152 1211 statim
180 1178 349 1219 conceptam
377 1182 473 1209 acrius
505 1182 534 1209 in
567 1181 661 1209 diem
690 1181 835 1221 rapiebat3
873 1191 911 1210 ex
939 1191 1003 1221 quo
1033 1180 1177 1211 codicem
1206 1181 1292 1211 Flor.
1319 1180 1402 1210 hunc
1430 1182 1625 1222 singularem

51 1223 238 1261 doctiorem,
260 1223 345 1259 diem,
364 1231 426 1250 non
449 1223 508 1250 (lies
532 1221 688 1261 praebere
711 1221 884 1263 didicimus.

200 1273 330 1303 Dudum
352 1272 442 1302 etiam
463 1272 638 1312 parendum
662 1278 728 1302 erat
750 1273 816 1301 Jac.
840 1272 1017 1309 Gronovio,
1050 1272 1103 1313 qui
1126 1282 1194 1312 cap.
1215 1272 1267 1304 20.
1290 1284 1326 1303 ex
1349 1273 1417 1303 cod.
1442 1273 1625 1305 Florentino

52 1317 184 1357 aliisque
206 1315 347 1355 legebat:
374 1315 541 1344 Exactioni
570 1313 810 1354 (liberalitatum
832 1314 984 1352 Neronis)
1013 1316 1134 1351 triginta
1161 1316 1269 1353 equites
1295 1316 1429 1344 Romani
1446 1318 1626 1355 praepositi,-

51 1368 161 1388 novum
189 1356 280 1398 officii
304 1366 399 1393 genus
426 1363 451 1385 et
480 1356 591 1385 ambitu
619 1366 653 1385 ac
679 1366 799 1385 numero
830 1365 996 1385 onerosum.
1048 1357 1161 1394 Ubique
1179 1358 1265 1386 hasta
1286 1364 1312 1385 et
1334 1364 1428 1386 sector
1450 1364 1476 1385 et
1499 1359 1626 1396 inquieta

52 1401 120 1430 urbs
141 1399 361 1429 actionibus.
402 1397 484 1426 Nam
507 1398 705 1435 auctionibus,
734 1407 810 1438 quas
835 1406 873 1425 ex
896 1397 985 1426 libris
1009 1396 1221 1427 deterioribus
1245 1397 1398 1435 retinent,
1427 1397 1533 1428 locum
1557 1399 1626 1428 nul-

51 1442 118 1471 lum
140 1449 209 1470 esse
231 1439 298 1479 ipsa
320 1449 430 1468 rerum
454 1438 581 1478 partitio
602 1448 658 1478 per
681 1446 707 1468 et
729 1438 870 1468 instituta
893 1438 1087 1468 demonstrat
1109 1445 1140 1468 et
1163 1439 1338 1478 epitheton,
1366 1440 1502 1477 inquieta.
1547 1440 1626 1470 Cau-

53 1492 157 1513 sarum
185 1487 290 1510 autem
315 1481 455 1510 actiones
483 1481 596 1509 multas
625 1480 805 1510 necessario
834 1486 1019 1509 consecutas
1047 1490 1116 1509 esse
1145 1480 1345 1509 manifestum
1375 1487 1432 1517 est,
1461 1492 1558 1521 quum
1588 1491 1626 1511 ex

51 1523 217 1553 Plutarchi
239 1522 340 1551 Galba
365 1531 432 1561 cap.
454 1520 503 1551 16.
526 1527 557 1551 et·
579 1531 616 1550 ex
639 1521 725 1550 Suet.
749 1531 817 1561 cap.
837 1522 886 1552 15.
913 1521 1069 1551 discamus
1090 1521 1226 1550 Galbum
1254 1522 1306 1550 vel
1334 1521 1461 1552 Vinium
1490 1533 1627 1561 curasse,

53 1573 84 1595 ut
107 1572 147 1602 et,
172 1566 197 1594 si
219 1565 288 1602 quid
308 1565 411 1592 scenici
432 1573 466 1592 ac
487 1564 592 1602 xystici
612 1564 755 1593 donatum
775 1564 847 1592 olim
870 1564 1075 1599 vendidissent,
1104 1564 1267 1604 miserretur
1288 1563 1479 1602 emptoribus,
1508 1567 1625 1603 quando

54 1607 96 1637 illi
117 1607 271 1644 absumpto
290 1606 384 1644 pretio
406 1605 514 1633 solvere
537 1605 694 1643 nequirent.

206 1656 282 1695 Cap.
303 1655 354 1686 23.
400 1655 506 1685 Studia
533 1656 660 1685 militum
688 1656 749 1685 iam
765 1657 881 1694 pridem
902 1666 951 1695 spe
970 1657 1160 1686 successionis
1181 1663 1232 1685 aut
1249 1664 1359 1695 paratu
1372 1658 1520 1696 facinoris
1542 1657 1627 1698 affec-

27 1698 32 1700 *
55 1706 164 1729 caverat
187 1699 216 1727 in
238 1699 346 1735 itinere,
368 1699 396 1726 in
419 1698 545 1734 agmine,
569 1699 597 1726 in
618 1698 793 1726 stationibus
816 1699 1044 1726 vetustissimum
1066 1708 1206 1737 quemque
1227 1698 1355 1727 militum
1377 1701 1496 1728 nomine
1519 1709 1627 1729 vocans

55 1747 115 1770 eto.
157 1738 314 1768 Pusillum
335 1739 470 1768 sortasse
492 1737 663 1775 videbitur,
684 1748 788 1778 neque
810 1745 914 1768 tamen
937 1739 1145 1768 reticendum.
1189 1741 1268 1768 Nam
1294 1749 1401 1769 omnes
1423 1750 1519 1779 prave
1543 1749 1628 1770 com-

55 1788 138 1811 mate
167 1780 346 1820 ditinguunt
371 1785 453 1820 post,
480 1779 676 1819 affectaverat.
727 1779 788 1809 Sed
816 1781 870 1809 iter
897 1780 1038 1820 generale
1069 1786 1116 1809 est
1144 1790 1203 1819 pro
1234 1782 1289 1819 via,
1316 1786 1352 1809 ut
1380 1781 1523 1820 plurimis
1546 1782 1627 1811 locis

55 1823 138 1863 apud
170 1821 314 1850 Tacitum
342 1821 517 1856 invenitur,
547 1831 607 1861 qua
629 1822 764 1850 Romam
787 1820 889 1850 Galba
916 1821 1062 1861 petebat-3
1095 1831 1202 1859 agmen
1229 1827 1261 1850 et
1289 1822 1430 1851 stationes
1457 1823 1527 1851 viae
1555 1829 1627 1853 sunt

55 1863 295 1894 subdivisiones.
343 1862 437 1908 Quod
466 1873 562 1903 quum
592 1873 692 1901 prava
719 1872 755 1891 ea
779 1862 978 1892 distinctione
1010 1862 1175 1903 impeditus
1210 1873 1273 1891 non
1305 1862 1431 1893 videret
1456 1864 1627 1903 Ernestius,

56 1905 189 1935 alterum
211 1913 326 1934 nomen
350 1903 470 1933 itineris
493 1903 664 1945 agminisve
688 1903 850 1933 abundare
870 1903 1070 1944 opinabatur,
1093 1904 1145 1933 alii
1167 1913 1228 1933 non
1250 1910 1340 1934 recte
1361 1904 1432 1934 tuiti
1452 1912 1532 1935 sunt.

656 1983 755 2013 Hist.
779 1984 812 2022 1.,
845 1982 895 2015 26.
919 1989 950 2013 et
971 1983 1022 2014 27.
1059 1980 1065 1983 Α

207 2042 350 2083 Adeoque
373 2052 482 2083 parata
509 2045 587 2083 apud
613 2043 711 2073 malos
739 2043 857 2081 seditio,
888 2042 977 2071 etiam
1003 2042 1082 2081 apud
1109 2042 1238 2079 integros
1266 2040 1462 2070 dissimulatio
1482 2040 1563 2080 fuit,
1597 2048 1629 2072 ut

51 2091 209 2123 postero
233 2085 357 2115 iduum
376 2096 395 2114 a
416 2096 507 2116 coena
528 2085 676 2115 Othonem
689 2085 801 2123 rapturi
813 2084 938 2124 fuerint,
959 2084 989 2113 ni
1011 2085 1119 2113 incerta
1137 2084 1231 2112 noctis
1248 2099 1288 2104 ——
1305 2083 1478 2112 timuissent,
1494 2095 1550 2112 ——x
1574 2081 1629 2112 Oc-

56 2133 124 2156 tavo
148 2127 258 2158 decimo
280 2127 413 2157 calendas
435 2126 612 2158 Februarias
632 2125 806 2166 sacrificanti
822 2136 880 2165 pro
902 2126 972 2155 aede
992 2124 1142 2164 Apollinis
1168 2124 1267 2154 Galba
1287 2124 1433 2163 haruspex
1461 2123 1629 2155 Umbricius

1233 2182 1307 2223 (1³²⁶)
