1794 2318
771 143 824 149 -.
903 119 954 155 14,
1032 142 1084 148 .-

143 228 247 258 saepe,
274 228 366 288 quam
396 223 571 255 temerare,
601 214 640 243 ab
672 213 824 243 similibus
858 213 965 244 verbis
998 213 1160 253 expulsum
1198 212 1350 250 reddere,
1384 212 1609 253 praeeuntibus
1639 213 1718 252 aliis,

143 260 252 290 Tacito
299 258 444 289 cebebant.

293 310 457 339 Praeterea
480 307 592 337 eodem
614 306 646 335 iu
670 305 774 345 capite
797 305 858 334 iam
882 316 961 335 anno
986 305 1160 345 superiore,
1180 316 1257 346 pag.
1279 306 1329 336 20.
1352 317 1407 335 sua
1430 317 1492 336 vox
1514 306 1625 336 Tacito
1647 306 1717 337 red-

143 351 207 381 dita
229 356 289 381 est:
314 352 394 380 Mox
416 350 524 379 Galbae
546 349 675 378 amicitia
698 350 728 377 in
749 348 904 386 abruptum
926 355 1044 385 tractus,
1066 348 1176 383 audax,
1198 349 1359 387 calidus,
1376 357 1543 388 promptus.

292 406 477 445 Eodemque
500 404 530 433 in
554 404 679 440 libello,
700 414 769 444 pag.
792 403 849 440 l9.,
871 404 1086 434 demonstrare
1109 410 1238 434 conatus
1259 416 1338 442 sum,
1360 405 1391 434 in
1414 415 1482 445 cap.
1503 404 1564 444 49,
1585 404 1626 435 ita
1649 414 1717 435 esse

141 449 240 481 verba
263 447 449 478 ordinanda:
482 447 590 475 (ialbae
615 456 719 484 corpus
749 446 797 474 ‹liu
825 449 985 482 neglectum
1008 454 1034 475 et
1055 447 1188 481 plurimis
1216 447 1345 476 ludibriis
1369 456 1507 476 vexatum
1535 448 1717 486 dispensator

142 491 271 528 Argius,
294 501 308 519 e
323 489 471 528 prioribus
491 489 595 525 servis,
622 488 725 515 humili
746 488 891 526 sepultura
914 489 941 516 iu
961 489 1093 527 propriis
1116 489 1176 517 eius
1196 489 1289 518 ltortis
1311 489 1426 518 licentia
1448 489 1631 518 tenebrarum
1651 499 1717 518 con-

143 534 223 562 texit.
266 532 374 571 Neque
396 539 477 558 nunc
500 535 631 569 utroque
654 528 691 558 de
713 528 784 557 loco
809 529 900 558 aliter
922 529 1030 558 sentio.

292 589 326 616 In
351 597 418 626 cap.
440 587 490 617 51.
514 586 642 615 Dudum
666 597 682 615 a
705 588 774 617 VV.
798 587 868 615 ΠῘ).
893 594 1074 617 correctum
1098 595 1179 618 erat:
1217 590 1292 627 Viri,
1319 599 1412 627 arma,
1439 592 1504 629 equi
1524 591 1563 620 ad
1584 594 1716 619 usum‘et

142 632 181 661 ad
204 631 312 660 decus
341 636 515 667 supererant.
560 628 650 657 Nunc
673 638 709 657 ex
732 628 801 657 cod.
826 629 912 658 Flor.
934 637 1095 659 revectum
1119 637 1163 660 est
1186 632 1306 660 dedecus
1328 641 1506 671 perperam.
1551 633 1629 661 Nam
1652 630 1717 670 pri·
1737 645 1739 649 v

142 683 227 701 mum
248 670 325 701 illud
349 670 485 699 dedecus
509 680 570 699 non
593 669 634 698 ita
657 675 763 708 potest
786 670 910 708 exponi,
933 677 966 699 ut
983 672 1162 711 exponitur:
1185 674 1221 701 ad
1242 673 1323 701 cives
1338 673 1551 703 trucidandos.
1595 671 1716 702 Deinde

143 713 241 744 omnis
264 713 338 742 haec
359 711 529 750 descriptio
553 711 725 740 exercitum
749 711 839 740 nobis
862 718 1016 741 monstrat
1040 713 1125 742 sacili
1148 714 1266 753 praeda
1286 715 1508 751 lascivientem,
1531 715 1584 755 qui
1606 715 1655 743 diu
1677 715 1717 743 im

133 755 323 796 fructuosam
347 761 372 782 et
393 763 527 791 asperam
548 753 684 781 militiam
706 753 893 788 toleraverat,
923 764 1004 782 nunc
1029 765 1117 784 caeso
1139 755 1217 784 lulio
1242 756 1391 793 Vindice,
1410 758 1505 797 seron:
1523 757 1633 796 praeda
1652 756 1716 794 glo·

142 798 302 835 riaque7ut
324 796 368 824 cui
391 796 451 823 sine
474 795 571 823 labore
592 804 626 823 ac
643 795 772 832 periculo
794 795 931 824 ditissimi
953 797 1016 825 belli
1036 798 1157 826 victoria
1178 799 1324 837 evenisset,
1349 799 1562 837 expeditionem
1575 805 1600 828 et
1613 799 1715 835 aciem,

138 840 271 876 praemia
292 846 381 876 quum
402 836 544 875 stI'pendt'a
566 836 700 864 malebat.

797 895 893 924 Hisr.
924 896 961 936 1.,
994 896 1043 926 52.

293 952 430 982 Difficile
451 952 601 982 iudicium
624 959 668 982 est
692 952 731 981 de
751 952 813 982 hoc
836 953 954 992 capite:
980 953 1045 982 Nec
1069 954 1233 983 consularis
1255 954 1343 991 legati
1363 964 1509 991 mensura,
1531 955 1583 983 sed
1603 955 1633 983 in
1653 964 1713 984 ma—

143 997 187 1024 ius
209 995 308 1024 omnia
329 995 538 1033 accipiebantur
562 994 606 1035 (iu
628 994 783 1032 Vitellio).
838 996 884 1024 Et
913 995 1047 1024 Vitellius
1074 997 1152 1035 apud
1172 1006 1287 1024 severos
1309 996 1442 1035 humilis,
1471 997 1512 1025 ita
1533 997 1715 1036 comitatem,

143 1037 355 1074 bonitatemque
373 1038 503 1075 faventes
527 1036 677 1072 vocabant,
695 1038 773 1074 quod
795 1037 855 1065 sine
876 1038 977 1073 modo,
999 1039 1059 1066 siue
1082 1038 1187 1066 iudicio
1211 1038 1331 1067 donaret
1353 1048 1416 1076 sua,
1438 1038 1593 1074 largiretur
1609 1038 1713 1068 alier'za.

142 1079 284 1117 Namque
311 1079 419 1117 et-ita,
445 1077 531 1117 quod
554 1077 705 1107 W'alther
734 1077 877 1114 volebat,
903 1078 952 1107 rix
976 1088 1009 1107 se
1040 1085 1169 1108 tueatur.
1219 1080 1330 1119 Neque
1357 1078 1398 1108 ob
1426 1079 1558 1108 eandem
1586 1089 1714 1109 causam

144 1119 246 1148 Grotii
269 1118 478 1147 coniecturam
501 1118 673 1157 probarim,
695 1126 722 1147 et
750 1120 883 1149 Vitellius
909 1137 947 1142 -—-
974 1121 1010 1148 id
1031 1122 1210 1150 comitatem.
1253 1121 1332 1149 Nam
1356 1126 1488 1161 utraque
1509 1120 1601 1150 lectio
1620 1120 1713 1151 nobis

144 1159 305 1190 Vitellium
327 1166 526 1197 monstraret,
554 1160 652 1200 qualis
677 1166 776 1196 esset:
805 1160 855 1189 hic
879 1167 982 1190 autem
1006 1168 1163 1201 narratur,
1192 1162 1267 1203 quid
1290 1160 1415 1201 feccrit,
1443 1169 1475 1192 ct
1498 1162 1658 1202 quomodo
1680 1162 1714 1192 id

143 1200 182 1229 sit
204 1207 375 1239 acceptum.
417 1202 529 1241 quue
552 1211 608 1230 nos
631 1207 659 1230 et
682 1203 722 1230 ita
743 1201 865 1242 dirigit,
898 1209 929 1231 et
952 1204 1053 1232 oratio
1078 1204 1259 1244 insequens,
1279 1204 1417 1243 faventes
1445 1204 1605 1233 bonitatem
1628 1214 1714 1234 voca-

143 1244 219 1277 bant,
246 1242 325 1280 quod
351 1243 479 1271 donaret.
524 1243 707 1281 Tantopere
739 1249 841 1273 autem
877 1245 1001 1274 curavit
1028 1245 1167 1283 Tacitus,
1193 1255 1234 1274 uc
1262 1251 1404 1274 naturam
1427 1245 1548 1277 Vitellii
1575 1245 1714 1275 describi

143 1288 335 1322 putaremus,
356 1289 390 1312 ut
415 1283 610 1313 coniunctivo
634 1284 725 1312 etiam
749 1295 821 1313 usus
845 1286 892 1319 sit,
916 1286 1049 1319 donaret..
1072 1287 1234 1325 largiretur,
1257 1286 1309 1314 ubi
1332 1286 1537 1316 indicativum
1556 1297 1608 1317 res
1625 1285 1713 1328 ssagi-

143 1323 237 1353 tabat.
280 1324 358 1352 Nam
382 1325 579 1355 couiunctivo
602 1325 725 1354 videtur
747 1326 950 1356 iudicantium
974 1328 1014 1356 de
1032 1328 1164 1359 Vitellio
1188 1327 1289 1356 oratio
1313 1327 1404 1357 tradi.
1447 1328 1496 1356 Illi
1519 1338 1597 1358 vero
1618 1329 1713 1369 plane

144 1365 269 1395 diversa
291 1372 465 1403 senserunt,
491 1377 561 1395 nam
584 1367 742 1396 bonitatem
763 1367 975 1405 nominabant,
1006 1380 1092 1409 quor.
1115 1369 1240 1399 'l'acitus
1263 1370 1323 1400 sine
1345 1370 1450 1398 indicio
1473 1371 1591 1407 donare,
1618 1371 1714 1400 alt’ena

143 1407 243 1444 largiri
264 1412 432 1445 nuncupat.
477 1407 564 1451 Quae
587 1408 611 1436 si
633 1418 705 1437 vera
728 1408 862 1449 disputO,
886 1411 978 1439 etiam
1001 1411 1031 1439 in
1054 1411 1163 1450 priore
1187 1410 1327 1440 membro
1350 1417 1423 1450 post
1445 1419 1472 1440 et
1493 1412 1650 1451 particula
1666 1417 1714 1442 est

142 1447 378 1486 interponenda.
420 1449 562 1489 Eamque
593 1449 675 1478 dedit
697 1449 875 1489 Rhenanus,
903 1459 928 1480 et
951 1459 982 1481 ut
1009 1448 1141 1481 Vitellius
1163 1469 1203 1474 -—
1225 1454 1276 1488 ita,
1307 1453 1512 1493 omniumque
1541 1452 1611 1483 fere
1641 1453 1715 1483 tulit

144 1499 312 1518 assensum.
339 1489 446 1530 Neque
460 1495 563 1518 tamen
579 1500 638 1529 ego
654 1501 780 1529 possum
802 1492 964 1522 accedere.
993 1493 1071 1521 Nam
1091 1503 1150 1532 per
1172 1495 1269 1523 ut-itrz
1283 1493 1334 1523 hic
1349 1504 1410 1522 non
1427 1494 1514 1533 paria
1536 1494 1588 1524 vel
1609 1493 1713 1535 dispa·
1736 1496 1742 1502 '

142 1529 187 1558 ria
217 1530 379 1569 componi,
408 1530 475 1570 ipsa
504 1541 555 1560 res
582 1531 684 1562 docet.
728 1533 869 1563 Debebis
891 1534 998 1574 itaque
1020 1542 1051 1563 ut
1068 1534 1296 1573 interpretari,
1319 1537 1556 1576 quotiescunque,
1585 1537 1713 1576 quando.

143 1569 207 1599 Sed
228 1571 269 1600 ita
292 1571 418 1610 quidem
446 1579 625 1611 usurpatam
654 1574 840 1613 particulam
866 1586 1025 1616 nunquam
1054 1576 1136 1615 apud
1160 1576 1304 1605 'racimm
1334 1578 1479 1616 sequitur
1505 1579 1555 1606 ita.
1599 1578 1712 1619 Neque

145 1611 271 1641 omnino
293 1612 357 1640 eius
380 1613 553 1651 particulae
575 1614 626 1643 hic
649 1615 736 1644 locus
759 1623 814 1655 est,
837 1627 914 1657 quae
936 1618 1011 1646 facti
1034 1617 1259 1656 repetitionem
1282 1624 1311 1647 et
1326 1618 1469 1658 regulam
1486 1619 1634 1657 continet,
1656 1618 1714 1649 sed

145 1661 213 1681 eam
236 1653 443 1692 requirimus,
475 1664 556 1695 quae
577 1657 759 1695 exemplum
778 1657 896 1688 habeut.
941 1659 1047 1699 ltaque
1070 1659 1169 1688 multo
1191 1659 1286 1688 etiam
1308 1659 1408 1688 minus
1432 1660 1466 1689 C.
1488 1660 1644 1690 Ritterum
1667 1670 1714 1690 se-

145 1703 235 1733 quor,
257 1694 318 1734 qui,
341 1695 454 1724 omissa
477 1703 512 1732 et,
534 1698 629 1725 itt-ita
652 1697 743 1727 dedit.
789 1700 866 1728 Nam
888 1699 964 1728 illud
981 1708 1007 1729 et
1021 1701 1114 1740 plane
1131 1700 1242 1729 abesse
1264 1712 1325 1731 non
1344 1707 1458 1741 potest.
1501 1701 1608 1731 Habet
1629 1702 1713 1731 enim

143 1733 204 1763 hoc
226 1735 353 1764 Tacitus
374 1736 403 1764 iu
427 1736 636 1766 Historiarum
659 1738 764 1776 libris,
800 1742 886 1780 (nam
909 1741 939 1769 in
962 1741 1136 1770 Annalibus
1160 1752 1222 1771 nou
1244 1752 1293 1771 me
1315 1742 1421 1782 legere
1444 1743 1588 1781 memini)
1614 1749 1650 1772 ut
1671 1743 1712 1773 de

144 1775 254 1804 eodem
276 1776 399 1806 homine
422 1777 538 1808 docere
560 1789 706 1819 pergens,
727 1781 782 1810 ubi
803 1782 841 1811 ab
865 1782 932 1812 aliis
956 1784 980 1811 is
1003 1784 1055 1812 vel
1078 1784 1155 1813 idem
1176 1783 1215 1811 ad
1238 1783 1363 1822 pondus
1387 1784 1562 1825 augendum
1577 1784 1713 1824 additur,

144 1825 258 1845 nomen
281 1819 446 1857 proprium
474 1819 504 1848 in
530 1821 741 1860 assumptione
764 1824 936 1863 1*epetat.⁹⁴'‘)
980 1824 1088 1854 Veluti
1116 1831 1225 1854 nostro
1255 1824 1315 1854 hoc
1337 1825 1410 1855 loco
1437 1824 1507 1854 fieri
1530 1826 1632 1865 vides3
1654 1827 1712 1856 *vel

143 1857 224 1886 Hist.
247 1858 280 1896 L,
301 1858 366 1891 48.;
399 1858 445 1889 Et
471 1861 606 1890 Claudius
628 1870 746 1900 postera
764 1865 808 1893 die
826 1866 881 1894 soli
903 1867 1036 1894 omnium
1054 1867 1143 1896 Vinio
1156 1865 1298 1905 fictilibus
1319 1868 1480 1896 ministrari
1501 1868 1594 1898 iussit.
1642 1867 1666 1899 S
1674 1868 1715 1897 ed

148 1898 288 1927 Vinius
316 1902 525 1938 proconsulatu
557 1903 686 1932 Galliam
718 1915 812 1935 severe
838 1908 922 1936 restit.
1008 1908 1086 1936 Item
1115 1908 1162 1946 11.,
1192 1906 1259 1938 63.:
1293 1907 1353 1937 Sed
1391 1909 1525 1938 Vitellius
1553 1925 1594 1932 -—-
1620 1910 1713 1939 occidi

143 1939 337 1970 Dolabellam
362 1943 453 1971 iussit.
506 1944 570 1982 HL,
596 1945 642 1974 4.:
673 1946 768 1976 Nam
789 1948 967 1978 Flavianum
989 1949 1150 1984 impulerat.
1193 1950 1236 1978 Et
1260 1949 1325 1979 52:
1354 1949 1524 1988 Namque
1552 1951 1712 1980 Mucianus

145 1987 207 2010 tam
228 1982 310 2011 celeri
327 1983 446 2012 victoria
463 1986 582 2014 anxius.
624 1985 665 2015 Iis
687 1987 783 2028 igitur
806 1989 948 2019 omnibus
977 1990 1144 2030 exemplis,
1172 1996 1207 2020 ut
1227 2000 1286 2030 par
1307 1996 1356 2022 est
1376 1990 1407 2019 in
1437 1991 1712 2032 assumptionibus,

201 2061 226 2091 Ψ)
261 2060 347 2086 Aliud
369 2067 417 2094 est,
437 2068 463 2089 ct
481 2065 574 2098 probe
595 2066 630 2091 ab
652 2066 704 2092 hac
722 2067 923 2095 observatione
941 2070 1152 2105 seiungendum
1167 2072 1246 2107 quod
1265 2074 1383 2098 omnino
1401 2073 1552 2099 nominum
1571 2066 1713 2100 amaniior

264 2099 303 2119 est
322 2095 445 2128 Tacitus,
463 2106 550 2132 quam
570 2100 786 2131 pronominum.
815 2103 905 2128 Velut
923 2104 955 2131 1..
973 2104 1033 2131 70.:
1054 2106 1186 2132 Nuntium
1204 2108 1306 2141 accepit
1324 2108 1394 2134 alam
1407 2109 1536 2135 Silianam
1546 2111 1713 2135 sacramento

263 2128 362 2154 Vitellii
378 2132 526 2157 accessisse.
562 2133 617 2158 Pro
635 2134 767 2161 consulem
788 2135 921 2162 Vitellium
939 2142 992 2163 cte.
1556 2163 1570 2178 ι,
