1794 2318
748 135 796 141 -..
881 113 933 149 17
1011 137 1061 143 -.

175 242 186 247 N
255 211 366 243 nist.
388 213 467 244 111
489 221 523 243 e.
545 214 611 245 52.
655 237 672 254 ,‚
682 216 816 257 Hique
839 227 946 247 omnes
963 217 1003 248 de
1020 217 1270 254 festinatione.——
1288 225 1513 265 rescripsere.“
1554 229 1686 271 Hique

101 261 141 281 ex
161 251 231 281 cod.
253 259 286 282 et
306 253 355 284 ed.
375 254 458 293 Spir.
477 254 538 284 iam
558 256 609 285 alii
628 268 686 297 pro
710 259 844 299 vulgata,
873 259 995 300 iique,
1019 261 1087 291 iure
1105 272 1267 303 recepere.
1312 267 1423 308 Neque
1441 269 1520 298 enim
1536 269 1587 301 hic
1606 273 1686 311 cod.,

55 292 57 294 ’
102 299 138 322 ut·
163 293 229 330 alii,
269 296 449 334 pronomini
485 297 515 325 is
548 299 566 326 h
602 299 682 328 solet
713 300 953 340 praescribere,
997 303 1052 332 sed
1093 304 1261 343 diligenter
1301 315 1470 349 utrumque
1507 322 1684 351 pronomen

104 334 310 376 distinguere,
348 343 380 366 et
403 338 504 367 Taciti
530 350 608 369 aevo
632 351 806 379 pronomen
828 342 894 372 hic
918 353 1013 383 saepe
1035 345 1065 374 in
1089 346 1217 376 alterius
1239 351 1435 388 pronominis
1457 352 1526 382 iura
1549 355 1683 396 invadit3

102 387 174 406 nam
198 388 295 408 aureo
320 389 397 408 aevo
421 379 577 417 dixissent,
597 382 716 423 iique.
1378 401 1382 405 ·

253 429 362 459 flist.
382 431 470 462 111.
491 440 525 462 e.
550 432 620 464 56.
666 435 884 474 „improvidus
913 437 1101 467 consiliis“
1130 449 1167 469 ex
1196 441 1246 471 ed.
1269 442 1351 483 Spir.
1382 451 1414 474 et
1436 446 1505 476 cod.
1528 449 1680 489 restituo3

102 476 331 499 enumerantur
354 471 436 500 enirn
460 472 533 502 dein
558 475 678 515 singula
702 477 904 507 consiliorum
927 490 1054 519 genera.

252 523 361 567 nist.
384 525 470 556 111.
494 534 528 555 c.
543 526 615 558 58.
658 528 794 566 „Vocari
811 529 910 559 tribus
936 531 1029 561 iubet.
1053 524 1172 564 dante
1193 535 1318 565 nomina
1337 546 1532 569 sacramento
1555 541 1680 584 adigit.“

97 561 160 591 Sic.
184 563 272 602 cod.;
294 565 379 594 unde
401 566 540 596 scribam
563 568 732 605 dantem3
755 571 862 611 vulgo,
885 572 1031 603 dantes.

252 617 361 648 nist.
390 618 478 648 III.
516 629 550 650 e.
583 620 657 653 63.
714 622 909 663 Notandum,
944 625 1013 655 cod.
1042 624 1160 655 habere
1191 628 1333 669 quidem,
1366 637 1420 669 „ut
1455 633 1493 662 ad
1522 635 1678 673 praelium

99 655 238 686 intentus
261 669 329 688 orn
341 665 529 701 atusque“;
556 663 611 691 sed
635 664 769 704 margini
791 664 830 694 ab
855 666 922 695 ead.
946 678 1026 697 man.
1053 667 1201 708 adscribi,
1232 672 1317 711 quod
1340 674 1436 703 ceteri
1460 675 1552 705 codd.
1573 683 1605 706 et
1627 677 1675 707 ed.

99 696 184 737 Spir.
208 698 371 730 referunt:
396 712 410 730 a
421 713 475 731 rm
485 709 568 733 atus
577 715 648 745 que.

251 763 361 795 nist.
374 763 463 793 111.
485 772 519 794 c.
535 764 609 795 64.
646 766 809 800 „Gratiam
825 769 938 805 patrati
954 769 1028 796 belli
1043 778 1141 807 penes
1164 782 1243 810 enm,
1266 775 1319 814 qui
1342 775 1454 805 urbem
1479 786 1673 818 occupasset.

96 802 130 831 Id
149 802 268 833 Sabino
293 805 480 842 convenire,
510 812 542 835 ut
564 805 733 845 imperium
755 805 847 836 fratri
869 816 1093 849 reseraret,
1129 811 1161 841 id
1184 813 1395 853 Vespasiano,
1425 825 1458 847 ut
1481 820 1580 849 ceteri
1602 829 1674 860 post

97 844 248 874 Sabinum
272 845 497 876 haberenturf‘

248 897 281 926 Si
310 897 411 937 ipsum
442 910 531 928 suum
558 899 694 929 verbum
724 900 835 930 Tacito
863 901 1042 931 reddidisse
1070 902 1146 932 mihi
1176 904 1304 946 videor,
1341 918 1557 953 reseraret,
1601 923 1671 944 cum

96 937 190 968 codd.
213 944 245 967 et
268 939 339 969 edd.
363 939 509 980 habeant,
531 948 784 979 reservaret,
807 942 977 984 plerosque
1000 954 1182 975 assensuros
1206 957 1309 986 spero.

249 1002 358 1033 His&
377 1004 463 1034 111,
488 1012 522 1033 ρ,
546 1001 616 1035 65,
661 1003 825 1043 „Namque
840 1003 966 1033 Flavius
979 1004 1111 1035 Sabinus
1127 1013 1227 1037 aetate
1250 1008 1338 1048 prior
1358 1011 1487 1049 privatis
1510 1015 1670 1057 utriusque

96 1041 194 1072 rebus
224 1045 411 1073 auctoritate
439 1044 638 1085 pecuniaque
662 1045 888 1083 Vespasianum
918 1051 990 1074 ante
1018 1046 1099 1085 ibat;
1142 1057 1171 1078 et
1200 1050 1392 1080 credebatur
1420 1053 1576 1085 adfectam
1603 1059 1668 1089 eius

96 1083 193 1113 fidem
222 1083 476 1125 praeiuirisse
503 1086 599 1115 domo
629 1086 779 1126 agrisque
809 1087 933 1126 pignori
963 1089 1116 1128 acceptis3
1153 1091 1235 1120 unde
1259 1102 1447 1134 quamquam
1470 1105 1614 1128 manente
1637 1100 1667 1129 in

95 1126 233 1166 speciem
257 1127 429 1157 concordia
453 1127 646 1157 offensarum
670 1134 781 1167 operta
804 1128 1054 1158 metuebanttir.“

248 1182 350 1219 Unum
374 1195 492 1219 certum
516 1200 585 1219 esse
608 1190 746 1229 videtur,
780 1190 855 1221 vitio
884 1191 1033 1221 laborare
1062 1192 1146 1222 hunc
1176 1194 1288 1224 locum.
1333 1196 1552 1236 suspicionum
1576 1203 1668 1244 enim,

93 1241 134 1261 ne
156 1231 259 1260 maior
282 1238 356 1260 natu
379 1232 484 1261 fratris
510 1230 666 1271 fastigium
689 1238 878 1268 moraretur,
901 1233 979 1262 duae
1003 1244 1114 1263 causae
1133 1243 1238 1272 erant;
1262 1237 1358 1266 altera
1374 1239 1402 1267 in
1419 1239 1524 1270 fratris
1540 1244 1666 1275 maioris

93 1279 125 1302 et
139 1272 177 1302 ad
198 1272 228 1301 id
249 1273 456 1312 opulentioris
477 1273 688 1303 aemulatione
711 1274 828 1313 posim
852 1275 945 1304 altera
968 1276 998 1304 in
1022 1276 1163 1305 eiusdem
1184 1283 1276 1313 metu,
1300 1289 1339 1308 ne
1362 1279 1506 1311 iniuriam
1529 1284 1666 1325 aliquam

92 1314 148 1344 ille
170 1314 390 1344 ulcisceretur.
434 1317 480 1344 Ea
503 1326 577 1345 vero
598 1315 636 1344 ad
652 1314 745 1344 fidem
763 1317 957 1355 Vespasiani,
981 1328 1076 1357 quum
1093 1329 1130 1347 ex
1145 1319 1251 1348 Africa
1268 1321 1429 1359 provincia
1443 1331 1665 1367 reverteretur,

94 1355 316 1385 labefactatam
346 1367 446 1397 neque
475 1369 491 1386 a
521 1357 640 1386 maiore
667 1357 767 1386 tratre
794 1357 936 1387 fraterno
965 1359 1068 1388 animo
1091 1366 1294 1390 sustentatam
1317 1363 1460 1401 pertinet.
1504 1367 1566 1395 Iam
1589 1379 1664 1400 vero

93 1398 333 1438 praeinvare
363 1398 391 1427 fi
402 1398 482 1428 dem
512 1399 667 1428 eiusmodi
696 1399 839 1428 iniuriam
862 1410 923 1428 non
946 1410 1037 1440 posse
1059 1401 1241 1432 describere
1266 1404 1464 1434 manifestum
1488 1414 1540 1437 est.
1585 1410 1663 1440 Nam

93 1439 180 1480 quod
210 1439 313 1469 Riiter
344 1440 459 1476 attulit,
496 1441 551 1482 qui
580 1450 650 1469 eum
679 1440 782 1470 fratris
810 1440 904 1469 iidem
935 1441 1047 1481 cupide
1076 1449 1106 1472 et
1134 1443 1317 1484 priusquam
1344 1448 1513 1477 necessitas
1542 1460 1663 1489 urgeret

91 1481 206 1512 iuvisse
228 1487 327 1520 putat,
350 1482 495 1521 accipere
521 1482 560 1511 ab
582 1491 619 1511 eo
641 1493 701 1512 non
725 1490 907 1522 possumus:
945 1482 1030 1528 Quid
1054 1484 1136 1512 enim
1160 1484 1398 1524 Vespasianum,
1429 1489 1454 1517 si
1479 1493 1662 1523 necessitate

90 1533 155 1554 non
182 1523 372 1562 urgebatur,
408 1534 501 1564 agros
530 1524 744 1564 oppignerare
773 1524 928 1564 cogebat?
970 1526 1018 1553 An
1047 1531 1079 1554 ut
1106 1524 1212 1555 fratris
1235 1527 1411 1558 admirabili
1433 1530 1478 1559 illi
1502 1534 1663 1571 cupiditati

89 1564 289 1604 indulgeret?
319 1575 409 1606 quem
440 1572 571 1606 propter
600 1575 668 1594 eam
695 1565 793 1605 ipsam
822 1572 893 1606 post
921 1572 969 1595 tot
997 1577 1094 1597 annos
1123 1567 1225 1597 odisse
1253 1569 1440 1607 putabatur?
1482 1573 1589 1603 Potius
1611 1575 1663 1606 ille

91 1606 291 1636 vehementer
313 1607 493 1645 laborabat,
522 1614 551 1637 et
573 1606 681 1636 fratris
705 1607 818 1636 iniuria
841 1608 872 1636 in
895 1617 930 1637 eo
955 1614 1033 1644 erat,
1062 1608 1146 1649 quod
1170 1609 1301 1650 pignore
1324 1619 1455 1651 accepto
1478 1614 1661 1654 Vespasiani

90 1647 188 1677 fidem
215 1648 374 1678 labantem
406 1648 642 1689 praecipitabat.
707 1649 784 1677 Nam
820 1660 917 1689 quum
949 1649 1078 1678 fratrem
1112 1649 1202 1679 fratri
1238 1657 1299 1681 tam
1336 1654 1485 1683 acerbum
1515 1657 1661 1698 viderent,

90 1689 189 1730 magis
217 1690 307 1719 etiam
345 1691 463 1720 attritas
497 1702 546 1721 res
580 1690 764 1729 Vespasiani
802 1691 900 1719 ceteri
934 1690 1016 1719 haud
1051 1690 1146 1720 dubie
1180 1693 1388 1724 crediderant.
1446 1696 1528 1726 Hinc
1563 1698 1660 1737 igitur

91 1731 266 1771 Bipontini,
288 1743 424 1772 parurn
447 1733 600 1762 iuvisse
623 1733 781 1771 eleganter
804 1732 1016 1767 conficientes,
1046 1732 1083 1760 ad
1106 1734 1291 1763 sententiam
1323 1736 1450 1776 quidem
1473 1746 1555 1768 recte
1582 1740 1660 1770 iudi-

91 1779 254 1808 caverunt,
278 1773 334 1803 sed
357 1774 486 1804 verbum
509 1774 609 1813 ipsum
634 1784 693 1803 non
714 1783 839 1802 omnem
862 1773 969 1803 fratris
992 1773 1135 1803 iniuriam
1158 1774 1284 1804 haurire
1299 1777 1446 1807 arbitror.
1490 1780 1558 1809 Non
1575 1782 1657 1811 enim

91 1813 193 1844 solum
216 1825 328 1854 parum
351 1816 438 1851 iuvit,
462 1823 496 1846 ut
518 1816 658 1856 exposui,
681 1813 823 1844 affectam
847 1814 952 1854 fidem,
975 1814 1029 1843 sed
1050 1825 1147 1854 paene
1169 1815 1273 1857 fregit.
1317 1818 1415 1859 quue
1428 1819 1508 1849 haud
1524 1821 1658 1852 obscure

90 1855 260 1886 Suetonius
281 1863 423 1897 testatur,
447 1867 514 1897 cap.
537 1858 582 1887 4.:
606 1856 731 1895 „Rediit
755 1863 839 1886 certe
862 1856 916 1896 [ex
941 1855 1065 1896 Africa]
1089 1856 1185 1887 nihilo
1209 1858 1395 1897 opulentior,
1426 1868 1460 1890 ut
1482 1862 1534 1902 qui
1558 1874 1657 1903 prope

89 1896 244 1927 labefacta
275 1899 335 1928 iam
364 1898 427 1928 fide
458 1899 561 1928 onmia
592 1898 721 1938 praedia
750 1898 839 1927 fratri
868 1897 1029 1937 obligarit,
1063 1901 1307 1940 necessarioque
1336 1901 1374 1929 ad
1403 1905 1655 1943 mangonicos

89 1946 279 1978 quaestus
303 1941 503 1971 sustinendae
527 1940 686 1980 dignitatis
711 1949 801 1968 causa
825 1937 1049 1969 descenderitf‘
1092 1939 1196 1975 Vides,
1219 1941 1294 1980 quid
1318 1942 1346 1970 ei
1368 1942 1466 1972 frater
1485 1944 1655 1983 profuerit!

88 1981 146 2010 Est
168 1980 265 2021 igitur
287 1982 349 2011 tale
371 1982 504 2012 verbum
528 1981 753 2023 quaerendum,
776 1981 861 2021 quod
877 1981 1038 2021 insigniter
1053 1981 1247 2010 imminutam
1261 1981 1355 2012 fidem
1373 1984 1540 2020 describat,
1560 1986 1653 2023 velut,

87 2021 206 2052 fidem
237 2024 456 2062 pressisse,
486 2024 582 2064 quod,
611 2028 647 2052 ut
674 2022 717 2058 fit,
746 2023 970 2062 praessisse
998 2023 1150 2062 scriptum
1181 2023 1257 2052 illuc
1284 2024 1405 2055 abierit.
1431 2026 1497 2055 aliis
1521 2027 1654 2057 fortasse

87 2058 380 2104 praegravasse
408 2067 459 2096 vel
488 2065 772 2105 praecurrisse
800 2065 930 2104 placeat.
978 2063 1053 2094 Mihi
1082 2064 1206 2105 quidem
1235 2075 1271 2095 ea
1299 2066 1360 2096 loci
1388 2073 1496 2098 natura
1521 2068 1654 2108 videtur,

86 2111 121 2135 ut
142 2105 244 2147 ipsum
262 2106 396 2137 verbum
420 2107 519 2148 digito
542 2106 712 2137 monstrari
732 2112 877 2147 nequeat.

1188 2155 1252 2192 (3)
