1794 2318
751 137 799 143 -.
883 114 934 151 18
1011 136 1062 142 .-

269 220 377 252 ssist.
399 219 485 251 ΙΙΙ.
509 227 543 249 c.
566 217 641 250 66.
694 218 777 258 „Sed
813 219 868 248 ubi
899 218 1067 258 imperium
1096 217 1308 258 Vespasianus
1341 218 1504 256 invaserit,
1529 230 1592 249 non
1620 219 1693 260 ipsi,

121 271 183 292 non
198 261 304 290 amicis
322 261 397 295 eius,
417 272 477 291 non
494 260 630 300 denique
643 260 835 289 exercitibus
850 261 1048 290 securitatem
1063 259 1122 289 nisi
1134 260 1288 290 exstincto
1304 261 1496 291 aemulatore
1511 261 1695 292 redituram.

120 303 251 333 Fabium
276 303 337 332 illis
359 303 519 334 Valentem
545 302 699 341 captivom
724 308 755 331 et
778 302 935 332 casibus
964 302 1092 331 dubiis
1122 307 1316 331 reservatum
1347 312 1553 343 praegravem
1586 304 1696 336 fuisse:

121 344 237 374 nedum
267 345 393 373 Primus
426 354 461 374 ac
489 345 608 373 Fuscus
637 352 667 373 et
701 345 861 384 specimen
896 343 1032 384 partium
1062 342 1223 372 Mucianus
1256 343 1350 372 ullam
1385 343 1415 373 in
1444 345 1606 376 Vitellium
1637 346 1696 376 nisi

123 386 290 416 occidendi
312 386 468 415 licentiam
491 384 657 415 habeant.“

271 439 318 466 An
335 444 423 467 recte
438 437 500 467 hoc
516 438 623 467 vitium
639 437 814 476 meliorum,
836 437 867 466 in
907 436 995 466 uibus
1015 436 1085 467 conl.
1101 443 1129 466 et
1145 436 1194 466 ed.
1218 436 1313 476 Spir.,
1335 444 1373 467 et
1396 438 1528 478 captis
1552 439 1697 470 diebus

123 478 197 508 libri
226 479 402 518 interpolati
431 480 644 515 correxerint,
693 479 851 509 casibus
884 449 1035 517 ilubiis,
1075 478 1281 509 veliementer
1311 478 1429 510 dubito.
1488 481 1565 509 Nam
1597 491 1698 522 neque

125 521 276 551 sententia
301 522 417 560 placet,
447 521 530 561 quod
555 531 715 561 exponere
738 521 866 561 longum
889 527 952 559 est,
981 527 1011 550 et
1033 521 1074 549 ita
1097 520 1285 550 ratiocinorz
1317 521 1388 550 Duo
1410 521 1462 550 hic
1485 529 1700 562 opponuntur,

121 562 249 594 Valenti
273 562 433 596 Vitellius:
464 562 588 591 Primus
612 569 643 592 et
666 563 786 591 Fuscus
809 572 845 591 ac
868 562 1072 602 specimen
1097 562 1271 601 partium
1296 563 1455 592 Mucianus
1478 581 1518 585 —
1542 564 1613 593 cui?
1649 565 1700 594 Au

125 613 237 634 causae
265 604 376 633 servati
404 604 563 633 Valentis?
607 604 640 633 111
666 614 742 633 vero
772 603 841 633 [ieri
872 603 990 645 nequit.
1049 603 1165 649 Quaeri
1194 609 1297 632 autem
1327 604 1503 644 antithesin,
1532 606 1701 646 praemissa

124 645 266 681 nomina,
302 646 437 674 nedum
471 646 623 675 Primus
654 652 912 675 commonstrant.
963 645 1066 689 Quem
1097 655 1173 674 vero
1203 645 1314 674 melius
1343 646 1461 685 opponi
1488 657 1582 687 posse
1604 647 1703 685 dicas,

125 697 217 727 quam
234 695 394 725 captorem
412 687 563 723 Valentis,
587 687 761 722 Paulinum,
785 687 945 716 hominem
961 687 1093 718 rn'item‘?
1116 687 1226 727 ltaque
1244 687 1346 727 legas:
1370 694 1427 725 „et
1450 689 1700 728 captivitatis

126 727 290 758 ducibus
318 730 531 758 reservatunr‘
569 729 587 757 i.
611 740 634 759 e.
666 739 682 758 a
712 738 842 768 captore
873 729 901 757 in
933 730 1066 768 ipsoque
1096 728 1238 768 capiendi
1266 729 1380 758 ardore
1410 737 1567 759 servatum
1596 737 1702 760 tamen

125 776 234 811 postea
258 770 425 806 occitlisse3
454 770 564 799 nedum
591 777 649 800 etc.
701 770 754 797 Sic
778 780 805 796 o.
826 771 893 798 70.;
925 770 1071 803 „urbium
1096 770 1388 807 captivitates“
1417 771 1457 800 de
1481 778 1552 801 actu
1575 772 1702 801 urbium

127 811 360 851 capiendarum,
385 817 415 840 et
436 812 496 845 83-,
517 809 692 850 „quidquid
710 809 739 838 in
765 809 967 838 acerbissima
991 804 1456 848 captivitate'scelerumlffl
1499 813 1532 841 ld
1547 813 1639 842 etiam
1654 823 1703 843 me

127 853 246 888 turbat,
282 853 364 893 quod
394 852 439 880 illi
469 851 563 881 ‹luces
587 851 720 880 immites
744 850 891 880 habere
916 851 1010 880 ullam
1036 851 1091 879 nisi
1115 852 1280 881 occidendi
1305 852 1510 882 licentiam
1536 863 1702 891 negantur.

127 897 153 924 A
179 904 240 935 quo
268 894 371 923 enim?
421 895 467 923 An
492 903 507 922 a
534 892 749 932 Vespasiano?
799 892 833 921 ld
857 892 982 932 quidem
1007 902 1108 932 neque
1129 902 1187 932 per
1208 892 1300 922 huius
1331 904 1432 924 mores
1456 886 1624 934 probabile
1647 902 1704 932 est,

128 946 229 976 neque
252 946 290 965 eo
314 934 463 964 orationis
487 935 616 974 vestigia
641 934 777 971 ducunt:
815 945 884 963 nam
909 934 1024 963 ducum
1051 933 1168 963 ferocia
1194 945 1249 973 per
1273 935 1410 964 nedum
1434 936 1609 974 inducitur,
1641 948 1703 968 non

127 977 311 1016 Vespasiani
334 976 484 1015 potentia,
508 987 588 1016 quae
612 976 677 1016 ipsa
701 976 730 1004 in
755 976 837 1012 illos,
859 975 889 1004 in
907 976 1084 1004 Mucianum
1100 976 1298 1014 praesertim,
1321 978 1370 1006 vel
1394 979 1499 1007 minor
1521 987 1586 1008 erat
1610 990 1702 1020 quam

129 1020 159 1048 in
181 1019 258 1048 alios
282 1027 307 1048 ct
332 1028 431 1057 paene
455 1018 584 1047 incerta.
629 1020 675 1047 An
699 1017 917 1051 scribendum,
948 1018 1111 1047 aveant?
1154 1018 1232 1046 Nam
1257 1018 1350 1047 multa
1376 1019 1489 1055 verba,
1520 1031 1597 1060 quae
1619 1021 1703 1060 prius

129 1059 315 1090 infinitivum
339 1058 529 1099 flagitabant,
560 1060 661 1089 Taciti
686 1070 764 1088 aevo
788 1059 984 1088 accusativos
1007 1058 1065 1088 sibi
1089 1059 1261 1097 adstruunt,
1292 1060 1387 1098 velut,
1416 1061 1530 1098 sinere,
1561 1062 1704 1102 coepisse

130 1108 162 1132 et
183 1103 334 1142 incipere,
356 1101 484 1137 audere,
508 1109 565 1130 etc.
609 1102 649 1130 Ut
671 1101 719 1136 sit,
744 1101 900 1130 licentiam
927 1100 987 1130 sibi
1011 1100 1079 1129 dari
1103 1100 1224 1131 aveant.

278 1164 390 1196 lbid.
438 1164 498 1199 „Ut
527 1170 572 1192 tot
599 1163 745 1203 egregiae
775 1162 885 1193 domus
914 1162 1047 1192 honores
1081 1162 1224 1198 deceret,
1269 1162 1492 1203 desperatione
1525 1165 1636 1195 saltem
1672 1165 1704 1196 in

131 1205 296 1235 audacia
325 1205 572 1244 accingeretur.“
625 1206 839 1245 Neglexerunt
863 1204 944 1233 lianc
967 1204 1036 1234 cod.
1060 1205 1261 1244 scripturam,
1291 1216 1383 1246 quam
1407 1213 1511 1237 enotat
1534 1207 1638 1243 Furia,
1668 1217 1705 1237 ac

130 1248 269 1277 scribunt
293 1247 503 1276 audaciam.
548 1246 611 1276 Sed
636 1247 689 1276 ille
712 1247 853 1286 pluralis,
876 1252 909 1276 ut
933 1246 1056 1275 tacita
1081 1246 1304 1285 suspicionum,
1328 1248 1497 1277 audacia
1518 1248 1705 1286 facinorum,

131 1288 291 1319 familiaris
315 1289 441 1326 Tacit03
465 1298 500 1318 ac
523 1288 613 1318 decet
637 1298 672 1317 ea
696 1289 798 1319 oratio
821 1288 994 1329 quaesitior
1015 1287 1098 1317 hunc
1122 1288 1290 1317 dicentium
1316 1289 1474 1319 ardorem.

282 1351 390 1384 nist.
413 1351 498 1382 111.
529 1359 563 1381 (⁸.
586 1350 661 1382 68.
705 1350 932 1386 „Interclusum
956 1348 1038 1378 aliud
1058 1349 1126 1386 iter,
1148 1349 1244 1390 idque
1267 1351 1379 1385 solum,
1403 1351 1506 1392 quod
1530 1351 1562 1381 in
1585 1362 1707 1382 sacram

133 1394 215 1425 viam
239 1399 400 1433 pergeret,
428 1391 582 1431 patebat.“
626 1393 780 1433 Suspicor
802 1392 989 1433 legendum,
1018 1402 1094 1432 quo
1116 1408 1158 1413 —-
1180 1398 1376 1432 pergeret
1404 1403 1475 1422 nam
1499 1393 1575 1423 iter
1603 1393 1707 1436 quod

133 1436 273 1477 requirit,
296 1446 315 1474 p
325 1444 391 1474 erg
401 1444 416 1463 e
425 1432 444 1462 b
455 1445 469 1463 a
480 1440 499 1463 t.

286 1498 395 1529 nist.
417 1498 504 1529 111.
539 1505 576 1527 ο.
598 1494 674 1528 69.
735 1496 854 1537 „Igitur
889 1502 1035 1536 tanquam
1073 1495 1172 1525 omnis
1209 1505 1293 1536 resp.
1325 1495 1354 1525 in
1385 1496 1571 1536 Vespasiani
1605 1497 1708 1527 sinum

136 1539 405 1570 cecississet.“
450 1539 531 1568 Hinc
555 1538 606 1567 alii
623 1537 715 1567 codd.
740 1538 1001 1573 cecidissent,
1025 1538 1077 1566 alii
1101 1537 1326 1567 cessissent.
1370 1538 1409 1567 Et
1426 1539 1540 1569 electio
1553 1538 1708 1577 difficilis3

136 1591 194 1622 ego
216 1590 311 1620 saepe
334 1586 465 1620 propter
487 1580 632 1617 sinum,
669 1580 699 1609 in
729 1590 821 1621 qucm
850 1586 963 1620 sponte
987 1585 1134 1620 tanquam
1156 1579 1238 1608 mala
1262 1585 1381 1609 matura
1404 1590 1485 1620 resp.
1511 1580 1709 1611 cecidisse

136 1623 291 1660 dicuntur,
312 1621 372 1651 hoc
396 1622 550 1661 praefero.
1415 1635 1418 1637 “

290 1674 398 1704 nist.
420 1674 506 1706 111.
529 1684 562 1706 c.
586 1672 654 1705 70.
705 1673 881 1713 „Trepidus
911 1672 949 1702 ad
972 1672 1050 1702 haec
1073 1672 1222 1702 Vitellius
1246 1682 1343 1713 pauca
1368 1673 1523 1712 purgandi
1544 1673 1592 1703 sui
1616 1682 1710 1703 causa

137 1715 312 1756 respondit,
335 1717 458 1756 culpam
480 1716 511 1744 in
535 1716 667 1745 militem
691 1716 871 1753 conterens,
894 1717 982 1745 cuius
1005 1715 1150 1743 nimius
1173 1714 1310 1752 ard0r3
1334 1714 1486 1754 imparem
1500 1725 1569 1745 esse
1587 1714 1710 1745 modes-

136 1758 210 1788 tiam
232 1761 351 1788 suam.“
1123 1762 1126 1764 ’

289 1809 380 1839 Nulla
404 1816 451 1839 est
475 1819 577 1847 causa,
599 1815 634 1839 ut
657 1810 716 1839 iam
741 1809 827 1839 Bach
850 1803 1018 1847 iudicabat,
1041 1818 1098 1838 cur
1120 1807 1158 1837 ab
1177 1807 1236 1837 hac
1260 1807 1329 1837 cod.
1351 1813 1379 1837 et
1399 1807 1445 1837 ed.
1469 1808 1551 1849 Spir.
1572 1807 1710 1838 lectione

140 1850 338 1880 decedamus.
383 1851 467 1895 Quid
491 1852 575 1892 quod
599 1851 695 1880 incisa
716 1851 795 1880 haec
819 1851 920 1880 oratio
945 1851 1101 1890 trepidum
1126 1856 1157 1879 et
1170 1848 1328 1889 singultim
1343 1859 1444 1889 pauca
1460 1850 1600 1879 locutum
1616 1849 1710 1879 unice

140 1891 250 1922 decet?
295 1893 475 1933 Corrigunt,
495 1894 603 1932 „cuius
627 1893 752 1923 nimio
773 1892 909 1922 ardori
931 1892 1085 1932 imparem
1108 1897 1168 1921 etc.
1211 1890 1322 1923 lbid.
1357 1892 1424 1932 „Ne
1447 1891 1649 1921 militibus
1669 1907 1711 1913 —

140 1932 404 1970 interficeretur,⁴⁴
427 1936 532 1965 nescio
552 1945 608 1964 cur
630 1947 648 1964 a
669 1935 782 1964 milit.
807 1935 980 1974 corrigunt.

295 1997 403 2028 llist.
427 1998 513 2028 111.
543 2006 576 2027 c.
605 1996 674 2028 71.
727 1997 808 2033 „Hic
832 1996 1014 2037 ambigitur,
1047 1996 1152 2036 ignem
1175 1995 1263 2025 tectis
1286 2001 1519 2034 oppugnatores
1542 1993 1712 2029 iniecerint,

143 2047 181 2067 an
204 2036 329 2073 obsessi,
352 2048 430 2079 quae
451 2037 592 2069 crebrior
614 2038 705 2077 fama,
726 2039 918 2068 innitentes
942 2048 977 2067 ac
998 2048 1182 2078 progressos
1203 2036 1408 2076 depulerintf‘

292 2090 383 2119 Hanc
408 2090 478 2119 cod.
503 2090 668 2119 lectionem
684 2100 792 2120 veram
805 2101 874 2121 esse
889 2097 920 2121 et
933 2090 985 2120 alii
998 2096 1083 2120 recte
1095 2089 1290 2127 iudicarunt3
1311 2099 1326 2117 a
1341 2097 1390 2117 me
1407 2093 1453 2118 est
1475 2086 1712 2126 ‚,innitentes,“

143 2139 182 2159 ex
205 2130 274 2161 cod.
295 2131 382 2169 vitio,
404 2130 543 2161 famam
567 2132 752 2163 nitentes.
