1794 2318
130 238 222 272 tergo
246 229 342 263 iubet,
370 228 566 260 hortamenta
587 229 750 267 victoriae,
781 230 923 270 pulsus
946 229 1134 270 pudorem.“
1178 230 1211 259 In
1235 229 1385 259 latissimo
1410 229 1474 265 eius
1496 229 1632 260 nominis
1654 241 1711 261 usu

130 271 247 302 afferre
271 278 374 300 tamen
398 271 555 308 volebam,
578 272 718 310 pulsus
739 282 806 301 esse
829 272 859 300 in
884 271 964 309 cod⁸7
986 282 1047 301 non
1072 272 1212 311 pulsis.
1248 274 1290 303 C.
1314 270 1388 303 20.
1411 271 1587 311 „Omnibus
1610 272 1710 312 portis

130 314 344 353 rumpunt‘*
375 312 436 341 iam
459 313 546 342 Bacli
571 313 665 341 tuitus
690 320 746 342 est.
771 313 877 351 vulgo,
908 319 1132 353 erumpunt.
1175 315 1215 343 Et
1237 314 1428 344 ibidenl.
1459 313 1541 354 „suis
1565 313 1711 354 plerique

130 355 201 384 telis
235 354 421 391 interire,
458 366 518 384 non
551 354 758 385 interiere.
816 356 859 386 C.
890 354 965 386 21.
1008 354 1251 394 „Arbitrium
1287 365 1392 384 rerum
1422 356 1636 386 Romanarum
1671 365 1712 385 ne

131 396 266 437 ageret‚“
287 402 395 433 tueor3
424 396 518 436 vulgo
542 395 752 425 arbitrum.

283 458 390 488 nist.
414 458 486 489 Ill.
511 466 545 488 c.
568 459 635 489 ⁶22.
679 459 919 498 „Depromptae
942 458 1028 487 silvis
1053 458 1227 499 lucisque
1250 457 1389 488 serarum
1413 459 1592 498 imagines.“
1615 457 1711 504 Quod

132 500 331 528 coniecerant
356 510 393 528 ex
419 500 487 530 cod.
510 500 603 535 vitio,
641 500 798 539 iuusge,
832 500 1037 540 iugisque*
1074 511 1154 529 nunc
1183 501 1300 529 multos
1326 501 1386 529 iam
1417 501 1508 530 codd.
1539 509 1712 540 occupasse

131 541 231 570 video.
278 541 345 571 Non
369 551 444 569 sane
468 541 560 573 male,
589 541 641 582 qui
672 541 702 570 in
731 542 812 581 iugis
841 543 991 571 montium
1024 542 1194 581 praecipue
1218 543 1310 571 etiam
1341 542 1422 582 apud
1446 542 1618 572 Germanos
1650 541 1713 571 coli

132 582 205 612 deos
230 582 420 611 noverimus.
465 583 576 623 Neque
599 592 649 611 me
673 589 789 619 movet,
811 583 895 624 quod
920 582 993 612 alibi
1017 583 1164 613 lucorum
1187 585 1379 613 mentionem
1403 584 1530 613 Tacitus
1553 584 1639 613 fecit.

282 645 393 676 Ibid.
444 646 503 682 „Ei
539 655 628 684 spem
664 645 913 685 oppugnantium
949 644 1083 684 augebat
1120 644 1295 685 amplitudo
1332 645 1421 683 valli,
1469 645 1555 686 quod
1591 645 1711 676 duabus

134 685 312 725 legionibus
336 687 427 715 situm
453 686 505 715 vix
529 687 666 726 quinque
689 687 773 715 milia
794 692 986 717 armatorum
1010 687 1271 716 Romanorum
1296 686 1475 716 tuebantur.
1508 687 1563 717 sed
1577 687 1711 717 lixarum

132 727 296 758 multitudo
319 745 359 749 ——
383 727 468 756 bello
492 729 632 757 ministra
656 728 792 757 aderatfi‘

283 780 382 808 Recte
413 779 568 817 iudicant,
607 780 660 820 qui
690 786 827 809 armatos
858 780 1058 810 Romanos
1088 779 1166 809 ferri
1194 779 1246 809 hic
1276 790 1370 820 posse
1399 783 1543 820 negant3'
1572 780 1628 810 sed
1658 781 1712 821 qui

131 821 332 849 Romanos
374 820 541 855 inducunt,
583 821 726 850 iniuriosi
761 821 889 850 dicendi
921 828 1000 851 sunt.
1057 821 1213 861 Flagitant
1247 822 1325 852 enim
1355 821 1406 850 hic
1441 822 1551 851 aimati
1585 822 1712 863 aliquod

132 861 297 901 epitheton.
342 863 494 891 Armati
518 863 596 893 enim
622 863 703 902 apud
719 863 863 892 Tacitum
881 869 933 892 aut
948 863 1060 892 milites
1084 870 1171 898 sunt;
1195 864 1248 892 sed
1274 873 1383 893 eorum
1405 863 1477 892 loco
1501 869 1568 893 tum
1590 869 1712 893 tantum

131 902 193 932 hoc
223 913 335 932 nomen
367 911 510 943 usurpat,
546 906 673 945 qnando
702 911 828 934 ornatus
859 905 970 944 aliquis
1001 904 1136 934 orationi
1166 904 1364 945 quaerendus
1393 911 1458 944 est,
1493 905 1538 933 uti
1565 915 1621 935 nos
1645 903 1712 935 fere

132 945 349 984 Gewappnete
379 945 520 974 dicimus.
573 947 647 974 Eius
679 952 782 974 antem
812 953 941 976 ornatus
972 946 1089 975 nullum
1122 956 1203 976 nunc
1233 946 1335 976 locum
1366 956 1446 982 esse,
1483 956 1539 985 per
1561 956 1592 976 se
1614 952 1710 986 patet.

131 986 282 1015 Milites
314 986 407 1025 igitur
436 987 573 1016 dixisset.
618 987 681 1016 Scd
712 998 807 1028 quum
839 988 956 1017 milites
983 988 1076 1017 etiam
1106 988 1166 1017 illis
1191 987 1386 1027 temporibus
1408 987 1592 1027 saepissime
1614 988 1712 1029 legio-

131 1027 210 1056 narii
233 1028 493 1067 intelligerentur,
518 1040 599 1058 nnnc
625 1036 726 1058 autem
741 1028 915 1069 legionibus
932 1035 1142 1069 quaereretur
1156 1030 1352 1069 oppositum3
1377 1047 1408 1050 —
1434 1040 1502 1058 uam
1519 1039 1711 1070 quamquam

132 1079 171 1098 cx
197 1079 301 1108 pugna
329 1079 398 1098 cum
424 1070 520 1100 Civile
549 1071 577 1099 in
601 1071 718 1101 Vetera
750 1078 849 1100 castra
880 1070 1045 1110 legionarii
1075 1081 1108 1100 se
1138 1071 1295 1110 recepisse
1327 1080 1353 1100 c.
1379 1070 1427 1100 18.
1457 1071 1624 1110 dicuntur,
1657 1071 1710 1101 vix

131 1117 235 1139 tamen
256 1111 300 1139 illi
322 1112 371 1139 uni
396 1111 536 1152 quinque
558 1114 636 1142 haee
661 1112 746 1141 milia
770 1111 941 1149 effecerint,
963 1123 978 1140 a
1003 1112 1117 1153 quibus
1141 1122 1221 1141 nunc
1245 1122 1278 1142 ea
1303 1118 1404 1141 castra
1428 1118 1593 1147 tenentur-3
1619 1121 1710 1142 acce-

134 1151 229 1181 debat
257 1152 339 1180 cnim
370 1153 445 1181 illuc
474 1154 662 1193 praesidium
693 1160 888 1189 castrorum,
924 1153 1026 1194 quod,
1063 1153 1210 1183 cobortes
1239 1154 1391 1192 fortasse,
1422 1153 1504 1183 haud
1528 1153 1623 1184 dubie
1644 1153 1711 1183 illic

134 1193 280 1222 relictum
304 1194 420 1231 fuerat3
441 1212 482 1217 —
503 1195 556 1224 has
579 1196 674 1235 igitur
697 1196 802 1235 copias
825 1195 916 1224 simul
942 1204 1011 1224 eum
1037 1195 1211 1235 legionariis
1234 1195 1296 1224 illis
1310 1195 1595 1235 comprehensurus
1608 1196 1711 1225 vitare

137 1235 273 1264 militum
298 1246 411 1264 nomen
435 1243 463 1265 et
486 1237 636 1266 admixtas
666 1237 845 1277 legionariis
876 1236 1147 1276 comprehendere
1177 1244 1416 1266 armatorum
1445 1237 1570 1266 nomine
1602 1237 1710 1268 voluit.

133 1277 196 1305 lam
222 1286 298 1305 vero
323 1278 482 1315 armati,
518 1279 543 1307 si
566 1290 625 1308 non
659 1279 778 1308 auctius
810 1278 942 1307 militum
972 1289 1085 1307 nomen
1115 1277 1293 1315 referunt„
1307 1278 1448 1319 quemvis
1471 1278 1601 1319 quaevis
1624 1289 1712 1308 arma

132 1323 294 1357 gerentem
322 1318 514 1348 describunt.
559 1320 622 1349 Sed
653 1330 738 1349 arma
767 1319 893 1360 quidem
924 1326 1050 1359 praeter
1078 1319 1129 1348 illa
1157 1319 1294 1361 quinque
1324 1320 1407 1348 milia
1431 1320 1482 1348 alii
1506 1320 1598 1349 etiam
1621 1329 1709 1361 gere-

134 1359 224 1395 bant,
262 1369 329 1387 nam
363 1360 513 1398 „lixarum
538 1362 706 1390 multitudo
731 1361 816 1390 bello
841 1361 982 1390 ministra
1007 1361 1145 1390 aderat.“
1192 1361 1219 1389 A
1244 1360 1358 1401 quibus
1382 1372 1477 1401 quum
1500 1361 1546 1389 illi
1568 1361 1711 1391 armati

134 1400 346 1439 distinguendi
373 1408 493 1436 essent,
529 1403 707 1433 necessario
737 1402 898 1442 epitheton
927 1401 1060 1443 flagitari
1089 1413 1184 1441 supra
1212 1402 1373 1439 dicebam3
1409 1402 1439 1430 id
1471 1412 1546 1432 vero
1571 1404 1712 1432 Roma-

134 1453 274 1471 norum
297 1442 407 1471 vitium
431 1444 586 1480 occultat3
610 1444 694 1485 quod
714 1455 771 1484 ego
795 1445 835 1473 ita
858 1443 1000 1473 resolvo:
1024 1443 1172 1481 „Vallum
1198 1444 1247 1473 vix
1271 1443 1405 1484 quinque
1418 1443 1503 1473 milia
1519 1451 1711 1474 armatorum

134 1484 434 1553 Romanodmore
455 1484 661 1523 tuebantur?
683 1486 701 1515 i.
725 1496 752 1516 e.
774 1486 918 1516 Romano
943 1485 1067 1527 quidem
1091 1495 1197 1523 more;
1222 1495 1293 1514 nam
1308 1485 1412 1514 statim
1427 1485 1486 1514 alia
1509 1496 1595 1515 arma
1618 1492 1713 1528 atque

135 1525 247 1554 auxilia
273 1525 310 1554 ad
337 1525 435 1555 iturus
459 1533 513 1557 est.

286 1587 395 1617 Ηίῧΐ-
426 1590 499 1621 lv.
522 1598 556 1620 e.
579 1589 654 1621 24.
699 1591 814 1621 Lectos
842 1600 860 1619 e
886 1590 1065 1631 legionibus
1087 1589 1186 1619 Dillio
1209 1589 1351 1620 Voculae
1378 1588 1441 1618 duo
1470 1595 1502 1619 et
1529 1589 1713 1619 vicessimae

134 1626 269 1667 legionis
292 1628 395 1668 legato
415 1630 520 1666 tradit,
544 1637 577 1660 ut
601 1642 694 1672 quam
716 1632 857 1661 maximis
872 1642 928 1673 per
942 1632 1044 1672 ripam
1060 1631 1226 1661 itineribus
1240 1631 1414 1669 celeraret3
1436 1631 1505 1671 ipse
1524 1630 1713 1667 navibus,

134 1668 450 1710 invalidus*col·pore
472 1672 587 1701 invisus
610 1673 730 1703 militi.“

281 1721 371 1749 Hane
409 1723 559 1761 optimam
597 1725 668 1753 cod.
704 1725 874 1754 lectionem
910 1724 1069 1754 Pichenae
1103 1724 1248 1754 obsecuti
1282 1724 1325 1753 ita
1358 1723 1537 1761 demutant,
1582 1729 1618 1753 ut
1652 1733 1712 1763 pro

135 1761 303 1791 navibus
326 1762 485 1792 scribatur
509 1765 687 1803 pavidus.
731 1766 791 1796 Sed
814 1766 906 1796 facile
930 1766 968 1796 ad
992 1766 1177 1802 navibus,
1209 1776 1245 1795 ex
1268 1765 1476 1806 praecedente
1498 1765 1714 1804 celeraret,

99 1822 101 1824 -
136 1803 251 1831 assumi
281 1803 379 1839 ibat,
420 1816 513 1836 nemo
551 1807 604 1847 qui
639 1808 812 1847 zeugmatis
849 1808 1018 1837 audaciora
1052 1807 1134 1847 apud
1171 1807 1314 1836 Tacitum
1348 1806 1492 1846 exempla
1525 1805 1713 1843 meminerit,

136 1844 271 1883 negabit.
317 1846 487 1876 Praeterea
517 1858 595 1877 vero
624 1849 783 1878 Pichenae
813 1849 1016 1880 coniecturae
1047 1855 1079 1878 et
1105 1849 1206 1878 oratio
1235 1854 1266 1877 et
1293 1849 1442 1877 sententia
1470 1847 1582 1877 obstat.
1631 1847 1712 1876 Nam

137 1894 209 1914 cum
238 1887 423 1926 praecedat,
456 1898 555 1928 „per
584 1890 713 1928 ripam
743 1891 927 1930 celeraret,“
962 1890 1175 1931 unusquisque
1205 1889 1301 1924 videt,
1335 1889 1363 1918 ei
1397 1889 1494 1918 amnis
1522 1889 1712 1930 naviumque

136 1926 299 1956 antithesin
330 1928 390 1957 iam
420 1929 450 1958 in
477 1937 579 1960 mente
610 1930 720 1968 fuisse3
766 1932 904 1973 alioquin
929 1932 1011 1961 enim
1035 1938 1154 1961 tantum
1186 1931 1264 1961 iter
1294 1931 1478 1960 celerare
1501 1937 1581 1960 esset
1599 1930 1711 1960 iussus.

137 1968 294 1997 Sententia
316 1979 394 1998 vero
418 1981 453 2000 ea
477 1972 660 2001 coniectura
685 1982 809 2012 pessum
834 1974 941 2012 datur,
976 1974 1049 2014 quia
1071 1974 1096 2002 si
1119 1973 1209 2002 alteri
1233 1972 1393 2012 proticisci
1417 1972 1503 2001 iusso
1525 1972 1591 2012 ipse
1613 1981 1713 2012 oppo-

137 2015 229 2039 netur
253 2011 439 2049 pavidus,
467 2012 549 2041 haud
573 2013 668 2042 dubie
693 2015 876 2045 remansisse
898 2015 1102 2055 intelligetur.
1146 2014 1202 2044 Ille
1225 2024 1304 2044 vero
1326 2023 1388 2042 non
1409 2014 1532 2051 mansit,
1561 2012 1617 2042 sed
1640 2012 1712 2053 quia

138 2059 273 2090 corpore
296 2051 450 2081 invalidus
473 2060 502 2083 et
524 2054 642 2083 invisus
666 2062 734 2085 erat
755 2056 855 2092 militi,
877 2056 1046 2086 navibus
1069 2067 1141 2086 usus
1156 2057 1298 2086 Bonnam
1314 2054 1474 2095 profectus
1492 2061 1546 2091 est,
1568 2061 1602 2084 ut
1624 2054 1711 2083 c.25.

138 2091 245 2162 ἐσθεὶς
281 2093 355 2134 „Sic
381 2094 528 2136 mitigatis
559 2096 668 2127 animis
690 2114 732 2120 —
754 2098 899 2128 Bonnam
930 2096 1085 2129 ventum.“
1129 2097 1191 2126 Ubi
1219 2096 1330 2127 deinde
1358 2096 1436 2138 quid
1464 2096 1582 2137 egerit,
1614 2104 1712 2136 porro

161 2143 300 2164 ocemur.
