1794 2318
48 197 148 227 Multo
173 202 275 226 autem
300 195 402 224 minus
427 201 494 224 erat
517 193 696 231 dicendum,
718 204 754 223 ac
777 206 814 225 ne
836 202 965 236 poterat
987 196 1116 238 quidem
1137 196 1208 235 dici,
1232 195 1270 226 ab
1294 202 1365 226 utro
1390 196 1453 225 utri
1477 203 1560 226 esset
1583 207 1635 237 ap-

0 259 2 267 1
46 240 168 278 positus
197 244 311 273 custos,
343 243 376 266 ut
399 236 453 278 qui
475 235 537 265 huc
560 235 635 265 illuc
666 245 835 267 occursans
862 237 1005 268 hostibus
1030 238 1061 267 in
1092 244 1229 279 utroque
1252 238 1456 268 defendendo
1483 238 1632 269 concidit.

47 280 131 310 Hinc
154 280 214 309 iam
238 279 311 308 satis
335 278 495 318 aperuisse
525 276 602 306 mihi
625 276 751 315 videor,
783 279 875 311 infeo
900 285 931 308 et
949 279 1216 319 interpolatorum
1239 286 1270 309 et
1293 280 1390 319 Lipsii
1412 280 1634 318 gravissimum

47 331 190 351 errorem
214 330 280 351 esse
302 320 450 360 positum,
473 318 561 360 quod
583 328 695 348 verum
717 319 872 349 invenisse
892 320 951 350 sibi
969 321 1165 358 videbantur,
1190 332 1285 363 quum
1305 332 1339 351 ex
1360 321 1479 351 codicis
1495 322 1632 351 lectione

0 385 2 390 ,
47 364 205 401 addictum,
229 361 429 391 refinxissent
452 361 602 390 custod1'ae
624 361 800 391 additum.
843 362 920 391 Eius
944 369 1048 392 autem
1073 362 1191 392 codicis
1216 363 1321 398 lectio,
1349 362 1405 391 nisi
1430 363 1514 402 quod
1538 371 1632 392 custo-

0 423 2 443 3
46 405 123 433 diuet
143 404 226 433 male
250 404 386 444 copulat,
409 402 485 431 haec
509 406 569 436 est3
597 402 734 431 Centurio
758 404 782 432 is
800 405 970 442 praetoriae
992 405 1131 442 εοΙιοιίῐε7
1153 415 1171 433 a
1200 405 1313 434 Galbae
1336 406 1469 433 custodia
1490 411 1515 433 et
1537 415 1555 434 a
1579 405 1633 434 Pi-

48 447 129 475 sonis
156 447 296 483 addictus,
323 447 423 474 stricto
445 445 580 482 pugione
610 453 762 473 occurrens
786 451 846 473 etc.
894 446 1001 486 Atque
1030 455 1065 474 ea
1093 445 1220 486 quidem
1249 445 1347 475 verba
1371 445 1409 474 ab
1432 445 1518 474 omni
1541 452 1632 485 parte

47 487 252 526 integerrima
281 492 361 515 sunt.
410 487 488 514 Nam
511 485 643 514 addictus
664 491 711 515 est
733 485 911 524 devinctus,
944 487 1039 526 plane
1067 486 1200 516 deditus.
1245 487 1377 516 Deditus
1408 493 1511 516 autem
1535 487 1632 516 tuisse

48 528 164 558 dicitur
186 540 204 558 a
227 529 375 563 custodia,
398 527 416 555 i.
441 536 468 555 e.
492 537 508 555 a
531 532 623 564 parte
648 526 823 565 custodiae,
849 533 982 567 propter
1004 528 1191 565 custodiam,
1220 528 1292 569 quia
1316 528 1478 557 custodiae
1502 538 1576 557 suae
1599 528 1633 558 id

49 568 189 599 officium
213 579 248 599 ac
269 579 377 598 munus
402 578 468 598 esse
489 566 630 607 putabat.
674 569 782 607 Itaque
807 568 901 608 plane
929 569 1013 598 idem
1043 569 1120 599 haec
1143 569 1239 600 verba
1269 569 1402 608 hahent,
1430 570 1515 610 quod
1539 569 1632 600 tradit

48 611 238 641 Plutarchus
261 612 291 639 in
315 620 382 650 cap.
400 609 465 640 27.:
489 605 706 649 Σεμπρώνιος
720 608 899 651 ''Iudam-903
922 611 1039 652 (nonne
1061 611 1170 641 vitium
1184 611 1379 640 abitacisrno
1401 611 1584 650 profectum
1599 618 1631 641 et

48 653 91 682 ita
119 652 344 683 solvendum?:
376 649 592 691 Σεμπρώνιος
621 647 660 691 ἦν
687 651 843 691 Δῆνσος.)
885 649 1136 693 ἑκατοντάρχης,
1168 649 1264 683 οὐδὲν
1293 652 1363 693 ἰδίᾳ
1390 651 1532 694 χρηστὸν
1562 649 1630 683 ὑπὸ

48 690 166 734 Γάλβα
190 691 385 730 πεπονθώς,
405 693 448 734 τῷ
473 692 507 723 δὲ
529 692 616 734 καλῷ
639 696 694 723 καὶ
716 693 761 734 τῷ
786 691 874 735 νόμῳ
896 694 1030 734 βοηθῶν
1053 694 1197 735 προέστη
1220 695 1279 725 τοῦ
1297 696 1443 736 φορείου.
1464 696 1526 723 Iam
1540 705 1628 731 vero,

48 736 74 765 si
97 746 135 765 ex
157 746 208 766 me
230 736 367 777 quaeris,
401 746 438 764 an
463 735 607 764 Tacitum
629 735 671 764 ita
700 737 839 775 potuisse
867 736 1008 765 scrihere
1038 746 1200 766 censeam:
1223 749 1242 767 a
1267 738 1380 766 Galbae
1407 738 1540 766 custodia
1562 745 1588 766 et
1612 748 1630 766 a

47 778 174 808 Pisonis
196 779 342 813 addictus,
376 787 459 817 nego
483 777 513 806 id
537 776 666 817 quidem
689 778 870 818 negitoque.
914 779 984 818 Ego
1007 779 1113 818 potius
1136 778 1178 808 ita
1201 785 1424 819 argumentor:
1462 778 1569 822 Quum
1592 787 1628 807 ea

48 819 146 848 verba
169 830 228 859 per
250 819 353 848 omnia
376 818 494 859 integra
518 819 589 856 sint,
610 818 628 847 i.
653 828 680 847 e⁴
702 818 779 848 nihil
801 830 942 860 usquam,
963 819 994 848 in
1018 830 1082 860 quo
1108 831 1123 849 a
1147 819 1277 850 lIbrario
1295 827 1461 860 peecatum
1481 820 1530 858 sit,
1551 829 1628 859 prae

49 870 83 890 se
105 860 216 896 ferant,
234 861 398 900 multoque
420 860 521 888 minus
543 860 623 889 viam
642 860 777 901 aliquam
793 860 971 897 ostendant,
995 872 1055 901 qua
1078 861 1211 891 eundum
1235 863 1273 891 sit
1290 868 1495 899 correctur03
1517 871 1628 901 quum-

49 912 110 943 que
132 902 221 932 simul
247 913 263 931 a
286 908 353 932 toto
377 901 479 931 Taciti
501 900 627 942 ingenio
651 902 746 942 longe
770 902 931 943 longeque
954 902 1148 943 discrepent,
1191 913 1324 944 eamque
1347 903 1489 932 reserant
1512 902 1629 932 oratio-

49 953 129 982 nem,
153 953 234 984 quae
257 943 360 973 subito
383 943 413 972 in
436 942 528 972 nobis
543 949 645 972 natam
662 944 850 973 sententiam
867 944 966 984 magis
981 944 1142 984 significet,
1166 956 1258 985 quam
1279 945 1426 974 distincte
1446 945 1627 984 eloquatur3

49 984 184 1025 denique
207 996 302 1026 quum
322 985 395 1014 nihil
420 985 605 1021 contineant,
631 985 717 1025 quod
740 985 778 1014 ad
800 986 922 1025 plenam
947 991 978 1014 et
1000 988 1201 1025 perspicuam
1224 986 1325 1016 Taciti
1347 986 1522 1015 orationem
1547 985 1628 1014 desi-

48 1026 187 1065 deretur,
210 1038 270 1067 qua
292 1026 427 1056 hominis
447 1025 569 1056 honesti
593 1026 730 1066 quidem,
750 1027 806 1056 sed
829 1038 890 1057 non
914 1026 1027 1057 nobilis
1050 1026 1127 1056 fides
1147 1027 1290 1057 breviter
1305 1028 1460 1067 tangitur3
1484 1026 1559 1056 nihil
1576 1026 1625 1057 aio

47 1078 140 1108 posse
162 1069 265 1098 verius
289 1068 400 1105 videri,
429 1078 521 1108 quam
546 1068 681 1108 glossam
705 1078 761 1097 nos
784 1068 1049 1108 deprehendisse,
1081 1069 1165 1098 omni
1186 1069 1282 1098 modo
1305 1080 1341 1099 ex
1363 1069 1410 1098 his
1434 1068 1520 1097 libris
1542 1067 1627 1097 eiici-

47 1110 172 1149 endam,
200 1110 438 1150 appositamque
462 1108 499 1138 ab
525 1109 648 1150 aliquo,
679 1110 731 1150 qui
760 1120 820 1138 una
851 1110 991 1139 muneris
1019 1109 1097 1147 fide,
1123 1120 1180 1140 nec
1203 1111 1274 1140 ullis
1297 1110 1437 1151 propriis
1461 1108 1625 1139 beneficiis

45 1150 186 1181 illectum
209 1162 281 1180 eum
307 1151 523 1180 centurionem
546 1150 653 1188 fuisse,
674 1151 767 1181 vellet
790 1151 932 1181 breviter
955 1151 1116 1181 adnotare.

199 1203 294 1232 Aliud
315 1208 480 1243 praeterea
506 1202 618 1231 eodem
641 1203 672 1232 in
696 1203 798 1243 capite
821 1204 929 1233 vitium
953 1204 1151 1234 eximendum
1175 1211 1234 1235 est:
1258 1205 1335 1234 Piso
1354 1206 1382 1234 in
1400 1205 1500 1234 aedem
1518 1204 1624 1233 Vestae

40 1246 179 1285 pervasit,
201 1253 390 1284 exceptusque
413 1245 613 1274 misericordia
635 1247 710 1274 servi
726 1246 837 1284 pubh'ci
859 1253 885 1275 et
905 1247 1091 1275 contubernio
1113 1249 1174 1275 eius
1195 1248 1319 1282 abditus,
1343 1257 1402 1275 non
1420 1246 1558 1283 religione
1573 1246 1624 1273 neC

46 1288 240 1321 caerimoniis,
261 1287 311 1315 sed
332 1286 440 1315 latebra
463 1287 617 1315 imrernens
639 1288 763 1316 exitium
785 1286 944 1327 differebat,
967 1298 1033 1317 curn
1055 1289 1192 1317 advenere
1214 1290 1306 1317 missu
1334 1288 1469 1323 OllioniS,
1491 1287 1624 1317 nomina-

47 1330 102 1358 tim
124 1329 153 1357 in
174 1329 291 1357 caedem
320 1329 380 1356 eius
403 1328 576 1356 ardentes
601 1327 748 1367 Sulpicius
776 1329 881 1358 florus
904 1339 917 1357 e
938 1330 1122 1358 Britannicis
1150 1330 1333 1366 cohortibus,
1368 1340 1458 1368 nuper
1481 1340 1498 1357 a
1525 1328 1623 1357 Galba

47 1371 161 1399 civitate
188 1370 314 1398 domitus
336 1376 362 1398 et
387 1368 501 1398 Statius
524 1370 648 1398 Murcus
676 1370 847 1409 speculator.
893 1371 1152 1411 [uumquemque
1181 1371 1264 1400 enim
1294 1381 1344 1401 me
1375 1370 1622 1399 consentientem

46 1411 234 1450 habiturum*
249 1410 385 1448 confido,
408 1420 477 1439 cum
501 1412 627 1440 ardentis
651 1421 717 1441 esse
734 1411 973 1441 rescribendum
992 1418 1104 1451 statuo,
1126 1419 1293 1453 postquam
1313 1412 1435 1441 librarii
1451 1421 1543 1450 saepe
1560 1413 1621 1439 iam

46 1459 152 1483 notata
174 1452 326 1482 industria
351 1453 388 1481 ad
411 1452 555 1491 proxime
577 1452 804 1493 subsequentes
826 1455 968 1482 Murcum
992 1460 1022 1483 et
1036 1453 1213 1493 Sulpicium
1235 1456 1366 1484 ardentes
1390 1453 1519 1483 addidit.
1541 1452 1621 1480 Nam

43 1494 131 1524 unde
152 1493 269 1523 factum
292 1493 390 1531 soret,
420 1499 454 1522 ut
475 1493 589 1523 milites
611 1494 657 1523 il‘li
679 1495 817 1535 gregarii
843 1505 920 1534 prae
950 1495 1064 1524 ceteris
1087 1495 1211 1526 Pisonis
1233 1495 1306 1525 odio
1330 1494 1495 1524 arderent?
1530 1493 1620 1523 Unde

46 1535 180 1575 factum,
212 1542 244 1565 ut
265 1535 297 1564 id
319 1542 381 1564 tam
405 1534 542 1565 notabile
564 1542 649 1565 esset
673 1536 795 1576 odium,
828 1542 863 1565 ut
886 1546 993 1565 omnes
1016 1537 1047 1565 id
1070 1537 1100 1565 in
1125 1547 1217 1566 causa
1242 1537 1343 1567 caedis
1362 1536 1459 1566 fuisse
1481 1533 1620 1565 seirent?

46 1577 137 1606 Unde
159 1577 293 1615 factum,
324 1583 360 1606 ut
383 1577 423 1606 ita
447 1576 593 1606 ardentes
616 1577 744 1611 missum
773 1584 877 1607 tamen
902 1577 1036 1607 Othonis
1065 1579 1306 1622 exspectarent?
1341 1578 1442 1622 Quid,
1471 1577 1557 1618 quod
1580 1585 1619 1605 ne

46 1624 195 1659 poterant
218 1619 345 1659 quidem
368 1618 455 1647 illum
475 1618 587 1654 odisse,
609 1629 704 1659 quum
727 1629 825 1659 nuper
847 1619 971 1648 demum
995 1620 1076 1649 alter
1098 1630 1209 1649 eorum
1233 1631 1249 1649 a
1268 1620 1366 1649 Galba
1389 1626 1469 1649 esset
1493 1618 1620 1648 civitate

45 1659 201 1689 donatus?
233 1660 340 1689 Potius
362 1659 438 1688 illud
460 1662 636 1689 nominatim
658 1660 855 1690 demonstrat
878 1661 908 1689 id
932 1661 982 1690 hic
1007 1661 1192 1701 significari,
1221 1662 1305 1703 quod
1327 1661 1470 1701 pluribus
1493 1660 1619 1688 Plutar-

47 1701 123 1731 chus
145 1701 266 1738 extulit,
286 1701 356 1741 cap.
375 1702 441 1732 27.:
466 1700 532 1731 Τὸν
556 1698 737 1743 &ivetam
758 1703 812 1742 τῆς
834 1701 976 1743 κεφαλῆς
997 1703 1070 1738 (τοῦ
1082 1701 1217 1743 Γάλβα)
1238 1704 1453 1742 κομισθείσης
1475 1699 1619 1742 ἆιἀκρα-.

44 1745 113 1780 γεΐν
125 1739 399 1781 λέγιωσινἺΗόἑν
412 1742 482 1773 ἐστι
498 1743 605 1780 rodco,
620 1744 644 1773 ὠ
660 1745 917 1784 σι’σιραιτῶῑαι,
930 1745 988 1784 τὴν
998 1745 1056 1774 τοῦ
1072 1743 1241 1780 Πείσωνός
1252 1756 1308 1784 μοι
1319 1743 1465 1784 nequiuit
1478 1743 1616 1780 δείξατε.

45 1784 235 1825 Hineigitur
256 1786 308 1814 illa
333 1791 416 1815 tanta
437 1785 571 1825 Sulpicii
593 1786 768 1816 immanitas
792 1785 979 1827 esssagravit,
1009 1793 1041 1816 ut
1063 1787 1157 1818 etiam
1181 1788 1305 1828 patroni
1328 1787 1437 1825 filium,
1467 1793 1561 1827 atque
1584 1786 1615 1814 in

43 1826 114 1866 ipso
135 1826 253 1863 Vestae
276 1827 391 1867 templo
416 1827 598 1857 interimere
620 1839 682 1858 non
706 1828 871 1858 dubitaret.

195 1879 229 1907 In
260 1879 361 1918 capite
389 1878 439 1909 48.
461 1879 574 1909 iterum
596 1890 672 1909 vero
703 1879 843 1909 obfuisse
866 1880 1008 1909 Rhenani
1037 1881 1256 1911 auctoritatem
1286 1880 1385 1911 video.
1435 1880 1515 1910 Nam
1544 1888 1615 1908 cum

44 1920 146 1950 codex
167 1920 210 1949 ita
231 1927 358 1959 peccet:
381 1931 448 1949 cum
471 1921 586 1961 vigilias
606 1921 750 1959 (mulier)
773 1929 799 1951 et
821 1930 913 1951 cetera
935 1923 1056 1952 militiae
1074 1924 1175 1952 munia
1198 1923 1298 1952 eadem
1319 1923 1437 1952 lascivia
1459 1930 1616 1959 temperas-

42 1970 94 1998 set,
116 1962 203 1990 illum
227 1967 391 1991 auctorem
414 1962 514 1991 secuti
536 1962 684 2002 pler-ique
707 1973 815 1992 onmes
837 1963 956 2003 legunt,
979 1971 1155 1993 temerasset.
1182 1970 1183 1973 ’
1205 1963 1265 1993 Sed
1289 1964 1379 1993 nimis
1400 1974 1436 1993 ea
1460 1973 1520 1993 vox
1545 1972 1615 2002 gra-

42 2003 89 2033 vis
111 2003 142 2032 in
160 2002 220 2032 hac
240 2003 380 2032 mulieris
404 2003 540 2033 lascivia.
583 2005 661 2033 Nam
683 2012 822 2034 temerare
844 2012 872 2034 et
895 2005 976 2044 apud
1000 2005 1077 2034 alios
1100 2012 1131 2035 et
1152 2006 1235 2046 apud
1258 2005 1401 2034 Tacitum
1432 2014 1553 2044 semper
1576 2003 1614 2032 ad

42 2052 131 2074 sacra
154 2044 240 2073 laesa
262 2043 409 2074 refertur.
454 2045 593 2075 Possunt
613 2045 709 2086 igitur
737 2052 839 2075 castra
864 2046 956 2075 etiam
978 2048 1114 2076 temerari
1138 2057 1173 2076 ac
1190 2048 1298 2087 pollui,
1327 2046 1426 2077 veluti
1447 2045 1559 2076 Annal.
1582 2046 1616 2084 L,

41 2086 107 2123 30.;
129 2085 187 2116 sed
209 2085 304 2115 caede
324 2086 373 2115 vel
395 2086 558 2125 seditione,
585 2087 740 2128 laesisque
771 2087 876 2129 aliquo
906 2088 1001 2118 modo
1030 2088 1241 2129 religionibus,
1284 2098 1346 2117 non
1360 2098 1433 2118 vero
1448 2097 1498 2127 eo,
1528 2088 1615 2128 quod

40 2127 155 2157 mulier
175 2127 295 2158 lasciva
314 2127 442 2158 militiae
464 2137 596 2157 munera
611 2127 700 2159 obire
716 2135 822 2159 tentat.
866 2130 937 2159 Hoc
955 2129 1050 2171 igitur
1069 2129 1212 2170 verbum,
1235 2137 1412 2170 temptasset,
1434 2140 1497 2160 non
1514 2128 1614 2159 minus
