1794 2318
272 241 384 272 lbid.
428 239 617 276 „Postremo
647 237 856 267 aestimari
884 248 900 266 a
928 238 1057 268 medicis
1086 238 1204 269 iubet.“
1252 239 1382 269 Dudum
1412 240 1451 270 ab
1481 241 1548 271 aliis
1577 242 1700 272 Ernesti

126 284 315 320 coniectura,
337 280 560 312 existimari
584 279 699 308 reiecta
724 286 781 308 est.
811 297 850 302 -
878 280 980 318 Cap.
1003 280 1074 312 86.
1119 281 1196 311 Cod.
1219 282 1362 319 „modica
1387 288 1419 312 et
1439 289 1586 323 usurpata
1610 289 1702 313 ante

125 338 167 356 ea
190 326 330 363 muniaf‘
353 333 414 352 non
439 328 562 351 antea.
606 321 707 351 Etiam
730 322 828 358 Flor.‚
850 328 978 352 notante
1002 322 1107 361 Furia,
1135 322 1165 352 in
1188 322 1248 353 fine
1270 323 1391 363 capitis,
1418 330 1501 365 post,
1528 325 1701 366 „interpre-

124 367 268 399 tabatur“
290 377 326 396 ex
348 375 416 404 cap.
437 364 487 395 77.
508 362 602 393 verba
625 363 758 403 repetit:
782 373 904 404 „neque
927 374 984 393 vos
1006 363 1163 404 inpunitos
1186 359 1383 404 patiantur.‘⁶'

581 445 859 475 Historiarum
900 446 1024 476 Liber
1060 447 1231 488 quintus.

270 511 321 539 De
350 508 442 538 huius
469 506 542 537 libri
569 506 726 546 capitibus
753 508 782 537 ⁶2.
811 507 849 536 ad
879 507 908 538 5.
939 508 1012 538 incl.
1041 509 1092 550 egi
1120 509 1149 538 in
1180 520 1290 550 progr.
1321 520 1368 539 an.
1399 510 1493 541 1840.
1537 513 1638 549 Cap.
1661 513 1700 543 3.

123 552 347 585 conficiebam:
370 552 435 589 „Ne
457 559 550 590 quam
582 548 712 578 deorum
741 548 945 579 hominumve
974 560 1068 589 opem
1099 558 1318 591 exspectarent
1345 551 1383 581 ab
1411 552 1554 593 utrisque
1584 551 1700 582 deserti

124 603 156 626 et
184 594 309 624 sibimet
338 593 441 621 (luces.
491 590 628 620 Caelesti
655 590 817 620 crederent
847 591 967 632 primo,
1015 592 1102 622 cuius
1131 593 1248 622 auxilio
1284 593 1476 633 [credentes]
1514 600 1700 634 praesentes

124 636 265 667 miserias
288 634 487 675 pepulissent.
519 650 560 654 ——
596 634 698 670 Cap.
722 631 763 663 4.
807 632 841 662 Si
864 633 933 663 cotl.
957 632 1068 670 hahet,
1098 635 1182 674 quod
1207 635 1366 665 Victorius
1389 636 1500 673 refert,
1526 636 1700 673 „merito

125 678 252 717 cla‹lis,‘'·
277 675 446 705 admodum
474 673 607 703 libenter
635 673 794 713 recipiam,
850 674 1066 704 Vehementer
1101 677 1181 705 enim
1217 677 1281 706 odit
1318 677 1450 707 Iudaeos
1484 678 1627 717 Tacitus,
1663 686 1699 706 ac

123 720 217 750 habet
244 717 405 753 merito,
441 715 513 756 quia
543 715 724 752 „scabies
754 720 806 745 eo's
834 718 1048 756 t1n·paverat,'·‘
1083 717 1200 757 aliquid
1231 718 1428 756 acerbitatis,
1465 729 1544 760 quae
1573 729 1699 748 manum

123 761 224 791 Taciti
239 759 374 800 prodere
389 757 523 787 videtur.
537 774 576 779 -—
592 757 702 789 Ibin.
725 757 931 787 conficiebam
950 768 987 787 ex
1003 758 1095 793 codd.
1110 760 1201 794 vitiis.
1226 760 1454 798 coniciant,
1476 761 1702 799 comitiant,

125 804 387 833 commearent
423 798 526 837 (cod.)
556 800 618 836 ’,με
649 799 802 839 pleraque
832 800 1016 829 caelestium
1047 801 1107 830 vim
1138 812 1223 831 suam
1254 807 1285 830 et
1313 811 1440 831 cursum
1466 802 1615 841 septimos
1642 805 1702 841 Per

123 853 272 874 numeros
300 840 637 872 commetianturst‘
671 858 712 862 —
749 842 782 869 ln
813 849 907 879 eap-
930 843 966 874 5.
1003 843 1044 871 ita
1081 843 1369 882 interpungendum
1405 854 1474 873 esse
1507 842 1701 883 probabam:

123 887 221 926 „Nam
250 883 420 924 pesssimus
449 882 584 922 quisque
613 882 728 921 spretis
758 882 965 923 religionibus
996 884 1107 922 patriis
1130 885 1246 914 tributa
1270 891 1301 914 et
1324 885 1417 924 stipes
1441 885 1516 914 illuc
1538 884 1702 925 gerebant3

124 927 208 957 unde
231 932 340 956 auctae
356 924 544 953 ludaeorum
562 933 629 959 res3
651 931 681 953 ct
697 923 768 965 quia
784 925 866 964 apud
882 925 965 965 ipsos
982 925 1059 955 lides
1076 925 1242 964 obstinata,
1261 926 1478 957 misericordia
1494 926 1524 955 in
1540 931 1701 966 promptu.

122 969 186 999 Sed
195 968 346 998 adversus
357 976 464 995 omnes
473 964 673 995 alioshostile
684 966 790 995 odium
800 970 827 995 :⁵⁶
837 974 896 996 etc.
917 967 1030 999 lbid.
1040 967 1265 999 defendebam:
1278 967 1411 1006 „nedum
1422 968 1453 997 in
1464 968 1588 1008 templis
1604 978 1644 1001 su
1653 973 1701 998 nt.

272 1027 440 1061 Risitv.
463 1028 544 1058 αθ.
588 1027 862 1066 „Septentrionem
887 1039 900 1057 e
923 1029 1024 1057 latere
1046 1027 1158 1068 Syriae
1181 1028 1273 1068 longe
1296 1034 1512 1068 prospectant,
1555 1028 1699 1068 Corpora

122 1071 284 1102 hominum
311 1069 446 1099 salubria
476 1075 505 1098 et
535 1069 666 1098 ferentia
697 1069 854 1099 laborum.
903 1070 979 1098 Rari
1009 1069 1141 1108 imbres,
1174 1068 1256 1098 ulier
1285 1069 1396 1099 solum.
1448 1070 1702 1110 Exsuperant

123 1113 230 1154 fruges
252 1117 394 1141 nostrum
417 1110 456 1139 ad
472 1121 604 1145 morem,
626 1118 820 1152 praeterque
844 1121 892 1141 eas
916 1110 1089 1140 balsamum
1111 1116 1142 1140 et
1163 1111 1319 1150 pal1nae.“

273 1164 325 1193 Sic
359 1163 444 1201 cod.,
479 1171 571 1204 atque
605 1164 707 1193 omnia
742 1163 874 1195 sincera.
927 1164 1005 1192 Nam
1038 1173 1072 1201 „e
1101 1162 1219 1192 latei-&⁴
1247 1169 1281 1192 nt
1304 1162 1416 1201 ceteri,
1444 1161 1540 1190 Furia
1563 1167 1700 1199 auctore,

124 1207 218 1237 etiam
239 1206 324 1235 Flor.
369 1207 409 1235 Et
433 1206 618 1243 accuratius,
644 1205 729 1234 unde
752 1205 871 1245 aliquid
896 1204 1011 1239 veniat,
1040 1215 1075 1233 ea
1099 1204 1333 1243 praepositione
1363 1202 1513 1239 describi,
1549 1213 1641 1244 quam
1671 1214 1701 1243 a,

121 1248 275 1278 novimus.
318 1248 422 1276 Exsu
433 1253 573 1287 perant
595 1246 680 1279 (cod.
705 1246 937 1286 exuperant)
953 1256 1011 1275 eur
1033 1256 1049 1274 a
1069 1245 1174 1274 multis
1189 1245 1364 1284 damnetur,
1385 1256 1448 1274 non
1472 1244 1575 1274 video.
1619 1245 1698 1274 Nam

123 1300 183 1319 vox
206 1289 319 1319 fortius
341 1289 432 1318 etiam
456 1299 549 1329 quam
573 1298 770 1327 superare
793 1288 946 1328 fruges,
981 1297 1133 1316 summam
1162 1297 1266 1316 earum
1291 1286 1511 1316 abundantiam
1536 1286 1699 1316 describit.

124 1331 212 1378 Quae
235 1341 328 1371 quam
350 1331 473 1370 inique,
506 1336 577 1368 post
600 1329 658 1358 soli
681 1329 858 1358 ubertatem
883 1329 1050 1358 humanam
1074 1328 1256 1357 industriam
1281 1328 1413 1367 addens,
1445 1328 1528 1357 idem
1551 1325 1699 1367 repetere
1731 1358 1735 1359 ⁷

125 1379 285 1413 arguatur,
304 1382 411 1402 omncs
434 1372 624 1411 intelligunt.
668 1372 774 1411 Atque
797 1371 898 1400 minus
922 1371 1015 1400 etiam
1039 1370 1247 1409 damnassent,
1268 1370 1293 1398 si
1315 1370 1478 1410 sequentia
1492 1375 1582 1399 recte
1596 1375 1700 1399 essent

124 1413 331 1454 interpretati.
351 1429 361 1433 -
376 1412 546 1442 Abundare
560 1413 642 1441 enim
667 1412 815 1441 dicuntur
836 1411 972 1452 fruges
997 1411 1042 1440 ad
1065 1418 1242 1441 nostrum
1264 1420 1423 1451 morem,
1443 1411 1461 1439 i.
1486 1421 1512 1439 e.
1536 1410 1619 1450 apud
1640 1421 1698 1440 nos

124 1456 209 1496 gigni
229 1455 281 1483 vel
304 1453 365 1483 coli
388 1454 506 1483 solitae.
552 1456 631 1483 Nam
654 1459 858 1494 opponuntur
880 1453 934 1491 eis,
957 1463 1037 1494 quae
1059 1462 1121 1482 non
1144 1458 1215 1482 sunt
1231 1452 1269 1482 ad
1282 1463 1401 1483 morem
1418 1452 1536 1492 Italiae,
1557 1452 1695 1481 balsama

125 1504 156 1527 et
175 1497 299 1537 palmae
321 1494 503 1535 (procerae)

275 1547 385 1580 llist.
408 1547 454 1576 1⁷.
477 1555 511 1577 e.
535 1548 570 1578 ’7.
614 1547 831 1586 „Terramque
854 1546 953 1586 ipsam
981 1545 1115 1586 specie
1141 1545 1298 1575 torrida
1326 1545 1389 1575 vim
1416 1544 1600 1585 frugiferam
1627 1555 1698 1585 per-

126 1589 271 1618 di‹tisse.“
322 1589 373 1618 Sic
402 1589 472 1617 cod.
502 1599 565 1617 non
594 1588 697 1618 minus
727 1588 819 1625 bene,
848 1599 939 1628 quam
963 1588 1047 1629 quod
1072 1587 1237 1627 corrigunt
1259 1587 1393 1626 specie
1415 1587 1636 1617 torridam.⁸⁶
1656 1604 1697 1609 —

124 1632 237 1664 abia.
284 1631 351 1668 „Et
380 1630 466 1669 (cod.
491 1629 602 1668 lectio)
633 1630 712 1659 sicut
742 1629 862 1659 inclitas
892 1630 1052 1670 quondam
1080 1628 1173 1658 urbes
1202 1628 1275 1669 igne
1306 1629 1434 1658 caelesti
1455 1627 1602 1669 flagrasse
1625 1638 1699 1658 con-

127 1671 310 1708 cesserim,“
341 1683 402 1701 non
430 1671 531 1700 minus
554 1677 643 1700 recte
666 1679 696 1701 et
720 1682 759 1700 ex
783 1671 885 1700 Taciti
907 1681 998 1701 more
1022 1671 1198 1700 orationem
1219 1670 1362 1710 copulat,
1402 1681 1495 1711 quam
1518 1670 1697 1711 vulgatum:

125 1716 226 1755 .,Eg'o
249 1731 290 1735 —
311 1713 546 1742 concesse1·i1n.“
1011 1748 1021 1755 β

278 1765 379 1796 nist
404 1767 452 1797 17.
482 1774 517 1796 (⁵.
549 1764 620 1795 lo.
669 1764 752 1794 Pace
781 1774 840 1804 per
866 1763 986 1794 Italiam
1014 1770 1158 1804 parata
1185 1769 1216 1793 et
1244 1768 1392 1793 externae
1420 1773 1516 1792 curae
1543 1761 1699 1792 redie1·e.“

128 1809 227 1837 Recte
253 1813 407 1846 parata3
442 1816 498 1836 nec
526 1806 699 1845 indigemus
730 1816 810 1845 pace
840 1812 966 1845 parta.
1025 1807 1138 1835 Parata
1168 1804 1252 1834 enim
1281 1815 1341 1844 pax
1371 1803 1501 1838 dicitur,
1537 1810 1570 1833 ut
1601 1804 1696 1844 paulo

125 1855 213 1889 post,
244 1854 428 1888 paratum
458 1846 665 1887 perfugium,¹
687 1847 735 1877 vel
761 1854 870 1886 parata
895 1857 952 1876 seu
976 1847 1240 1887 impulverulenta
1269 1845 1415 1882 victoria,
1450 1845 1500 1875 vel
1529 1851 1637 1885 parata
1661 1845 1701 1875 ad

126 1890 277 1930 praedam
300 1889 472 1929 provincia,
501 1889 555 1918 ubi
579 1889 681 1917 omnia
703 1888 792 1929 quasi
815 1888 966 1918 instructa
988 1894 1017 1918 et
1040 1888 1078 1917 ad
1101 1887 1286 1917 sumendum
1308 1887 1451 1926 apposita
1472 1892 1554 1916 suut.
1597 1888 1637 1917 At
1662 1896 1702 1916 ue

127 1933 221 1962 talem
241 1941 353 1971 pacem
376 1941 458 1960 nunc
479 1929 628 1968 describi,
658 1941 717 1960 non
738 1936 911 1969 partam,
939 1930 1102 1970 sequentia
1124 1935 1380 1960 commonstrant.
1420 1930 1514 1960 Nam:
1543 1898 1702 1969 „augezat

127 1974 204 2012 iras,
234 1972 319 2014 quod
347 1975 461 2013 (quum
489 1972 593 2002 omnia
622 1971 710 2013 quasi
739 1977 849 2011 sponte
876 1972 908 2001 in
935 1972 1038 2002 sinum
1066 1970 1251 2011 Vespasiani
1278 1969 1488 2009 cecidissent7)
1513 1969 1574 1999 soli
1593 1969 1701 1999 Iudaei

125 2025 188 2045 non
211 2014 405 2045 cessissentfss

278 2065 387 2095 Risi.
410 2064 458 2094 V.
482 2072 516 2094 e.
543 2063 612 2095 12.
658 2063 846 2104 „Templum
870 2063 901 2092 in
930 2063 1059 2093 modum
1085 2063 1179 2102 arcis,
1204 2062 1391 2103 propriique
1412 2062 1510 2099 muri,
1537 2061 1648 2091 labore
1669 2066 1702 2090 et

127 2117 250 2146 opera
273 2113 344 2135 ante
366 2106 474 2135 alios.“
516 2105 637 2134 Malunt
658 2114 797 2143 opere3
820 2104 874 2134 sed
896 2105 1026 2145 propius
1050 2104 1089 2134 ad
1113 2104 1255 2134 laborem
1278 2113 1394 2144 operae
1414 2103 1583 2143 pertinent,
1606 2112 1700 2142 quam

127 2149 274 2178 militaria
296 2157 404 2187 opera,
427 2155 507 2187 quae
528 2152 640 2186 sponte
663 2145 895 2186 intelliguntur3
930 2156 1105 2186 omnesque
1125 2146 1292 2185 scriptores
1317 2155 1352 2174 ea
1377 2155 1546 2184 synonyma
1569 2144 1702 2185 iungere

127 2190 306 2227 consolent3
327 2189 413 2220 velut
435 2188 501 2219 Cic.
524 2187 564 2218 de
592 2186 680 2217 Orat.
702 2189 735 2225 1.,
757 2187 812 2218 54:
837 2188 892 2229 „In
914 2197 950 2217 ea
973 2195 1005 2219 tu
1025 2188 1096 2229 plus
1110 2197 1223 2228 operae
1234 2187 1416 2228 laborisque
1434 2183 1702 2225 consumpseras.“
