1794 2318
285 217 339 247 Sic
368 217 438 247 cod.
468 217 585 254 vitium,
615 226 689 258 aqu
701 216 871 253 atrimis,
901 217 961 246 iam
988 227 1099 257 progr.
1129 227 1176 246 an.
1202 216 1286 248 1837
1309 217 1494 248 solvendum
1517 218 1635 259 putavi.
1657 228 1710 250 res

135 264 216 289 nota.
260 259 327 289 Jac.
351 259 449 289 Gron.
472 259 590 298 vivis,
613 258 756 299 neglecta
781 264 856 296 ter3
879 260 1024 298 pluere
1047 259 1195 290 damnare
1217 270 1277 290 non
1302 259 1414 296 audeo,
1436 260 1551 290 nedum
1573 260 1603 289 in
1626 261 1714 291 tenui

134 299 194 328 hac
223 300 268 340 pii
295 300 377 331 roris
406 301 571 341 aspergine
599 300 788 340 perluere
818 310 977 341 reponam.
1014 318 1056 322 —
1097 303 1202 340 Cap.
1232 300 1306 333 54.
1358 301 1520 331 Interim
1550 301 1621 333 eod.
1650 313 1713 334 non

134 340 246 379 habet,
273 343 343 378 sed,
374 343 520 372 Audita
549 351 620 382 per
648 341 814 371 Gallias.

285 395 393 426 nist.
422 394 496 426 ΙΨ.
533 402 568 424 e.
599 394 664 426 55.
722 392 897 431 „Classicus
925 392 1090 423 nobilitate
1127 392 1305 434 opibusque
1337 400 1409 424 ante
1446 394 1542 424 alios:
1576 393 1713 435 Regium

133 433 178 463 illi
201 444 300 475 genus
323 442 354 466 ct
376 445 455 475 pace
479 434 626 476 belloque
650 435 734 465 clara
758 435 866 475 origo,
899 434 967 474 ipse
990 445 1005 465 e
1027 434 1199 464 maioribus
1227 435 1291 465 suis
1313 434 1413 466 hostis
1435 435 1546 476 populi
1568 436 1714 475 Romani,

135 485 230 516 quam
252 477 358 507 socius
380 476 643 507 iactabatur.“
1443 485 1447 487 ’

285 529 330 558 Ita
360 528 517 558 lenissima
548 539 642 558 manu
672 527 826 568 plurimas
863 527 933 557 lites
969 538 1020 558 me
1055 537 1250 567 componere
1289 528 1427 559 arbitror
1501 528 1601 559 Codd.
1629 528 1714 559 enim

134 568 316 599 iactabat.
360 570 494 615 Quoties
527 577 642 609 autem,
672 570 702 598 in
726 569 786 599 hoc
816 569 887 599 cod.
910 569 1014 605 etiam,
1036 569 1267 599 terminationis
1294 580 1339 598 ur
1367 570 1445 610 sigla
1474 580 1641 610 perperam
1663 571 1713 602 vel

134 610 297 640 omittatur
325 612 376 640 vel
406 611 556 647 addatur,
591 617 701 640 notum
729 617 786 641 est.
838 610 947 641 Veluti
984 611 1079 650 paulo
1116 616 1189 650 post
1222 611 1468 641 incendebat
1503 611 1611 649 habet,
1650 623 1713 643 non

134 650 438 682 incendebatur.
505 653 584 681 Nam
613 653 705 681 Furia
735 661 864 692 quoque
894 652 934 681 ita
958 659 1078 689 enotat,
1105 662 1166 681 non
1198 651 1422 682 incedebat.
1487 653 1607 682 Lenem
1629 653 1711 683 hanc

134 693 391 733 emendationem,
413 700 563 734 quantum
586 693 690 732 video,
712 699 783 721 ante
808 702 859 721 me
882 692 954 722 ideo
974 705 1035 723 non
1051 694 1248 733 invenerunt,
1270 696 1341 734 quia
1365 700 1396 724 et
1412 693 1487 734 quid
1509 694 1562 723 alii
1585 701 1613 725 et
1635 694 1713 736 quid

133 733 202 773 ipse
231 735 381 775 gloriatus
412 741 509 769 esset,
543 735 603 763 dici
632 734 792 774 putabant.
848 734 912 763 Sed
942 735 1076 765 aliorum
1108 741 1225 764 tantum
1256 734 1369 764 iudicia
1399 735 1572 765 enumerari
1601 746 1713 766 eorum

132 774 289 814 praefatio
313 776 424 807 docet:
455 776 661 806 Classicus
691 781 779 805 ante
808 776 919 805 alios.
963 778 1028 806 Eae
1051 776 1160 805 laudes
1183 784 1211 806 et
1234 787 1250 806 a
1274 776 1448 806 maioribus
1472 783 1662 816 repetuntur
1685 784 1714 808 et

135 816 174 845 ab
197 817 276 857 ipso.
328 817 423 862 Quod
447 828 525 847 vero
548 818 579 846 in
603 817 697 847 altera
744 827 847 858 uoque
868 824 960 858 parte
984 818 1049 857 ipse
1072 824 1176 847 tamen
1200 827 1217 846 e
1240 818 1466 848 maioribus
1489 818 1651 856 laudatur,
1680 819 1713 848 id

136 857 241 889 hostili
261 865 371 888 contra
387 860 546 890 Romanos
570 859 673 889 animo
697 828 849 888 eflectum
871 865 956 900 puta,
980 860 1043 900 qui⁷
1065 859 1151 900 quod
1167 858 1337 889 Classicum
1360 860 1495 889 maxime
1511 859 1713 899 condecorat,

136 900 202 939 ipse
225 900 315 941 quasi
335 900 507 931 hereditate
530 900 661 930 traditus
685 900 811 929 dicitur.

289 952 402 983 Ihm.
460 953 587 989 Forma,
618 953 821 993 Lingonus
845 961 862 981 e
886 951 956 983 cod.
985 952 1047 981 iam
1073 962 1091 982 a
1119 952 1276 993 Rupertio
1303 952 1426 983 reddita
1454 959 1510 983 est.
1555 953 1660 983 Etiam
1680 952 1712 983 in

136 993 297 1023 nominum
318 993 420 1023 forma
443 995 566 1024 variare
590 995 733 1024 Tacitum
757 997 882 1024 scimus.

286 1046 400 1077 lbid.
450 1047 483 1075 In
515 1046 578 1076 fine
608 1047 718 1087 capitis
741 1045 836 1075 Furia
864 1044 941 1075 haee
977 1050 1077 1076 notat:
1112 1046 1247 1084 „coalita
1276 1045 1424 1076 libertate
1458 1045 1712 1087 discepturas

138 1086 268 1125 Gallias,
294 1088 324 1117 in
352 1099 451 1128 marg.
474 1089 543 1118 ead.
568 1099 648 1117 man.
679 1088 722 1117 al.
752 1087 1047 1126 ‹lespecturas.“
1090 1087 1181 1127 Hine·
1203 1085 1341 1128 apparet,
1369 1087 1452 1118 unde
1479 1088 1519 1117 sit
1545 1098 1635 1118 error
1662 1087 1713 1118 ed.

135 1129 328 1168 Spi1·.„coal.
346 1130 486 1160 libertate
509 1130 608 1159 alias
632 1130 916 1169 despectui-:153
939 1128 1179 1167 etinterpolatio
1193 1130 1270 1169 Agr.
1295 1129 1417 1159 altius
1440 1129 1712 1169 despectui-as.

136 1171 287 1199 Ceterum
310 1181 412 1212 aequo
436 1172 502 1201 iure
525 1182 562 1200 cx
579 1171 644 1207 illo,
667 1171 987 1209 disceptaturas,
1010 1180 1044 1200 ex
1065 1169 1125 1199 hoe
1149 1171 1407 1210 dispecturas
1431 1171 1588 1201 conficies.
1631 1170 1715 1200 Illud

137 1211 176 1241 ad
205 1221 258 1241 eas
288 1212 528 1252 disceptationes
559 1213 718 1242 bellorum
748 1212 884 1250 referes,
919 1222 1001 1252 quae
1030 1212 1158 1251 proprie
1188 1223 1310 1253 pugnae
1333 1219 1363 1242 ct
1388 1212 1466 1242 aciei
1489 1218 1712 1253 opponuntur;

136 1253 199 1282 hoc
222 1252 260 1282 ad
284 1254 410 1294 Alpium
435 1255 647 1291 altitudinem.v
680 1254 765 1283 unde
789 1253 890 1283 oculis
913 1260 1071 1283 extremos
1097 1253 1210 1283 virium
1234 1254 1385 1283 terminos
1408 1255 1458 1283 vix
1481 1254 1713 1294 prospectaturi

137 1301 216 1324 sunt.
260 1296 367 1325 Nostri
395 1296 547 1335 temporis
572 1297 681 1326 Gallos
709 1295 936 1336 grandiloquos
966 1295 1074 1325 audire
1102 1300 1132 1325 te
1160 1295 1280 1332 eredas,
1313 1295 1369 1324 ubi
1391 1295 1431 1325 de
1453 1294 1567 1325 finibus
1589 1295 1712 1336 imperii

138 1347 200 1377 quo
223 1337 320 1367 velint
343 1337 534 1376 prolatandis
557 1337 798 1367 hallucinantiu·.

290 1389 400 1420 nist.
420 1390 493 1421 lv.
515 1398 549 1419 e.
569 1389 639 1421 56.
683 1389 869 1429 ..Optimum
892 1397 909 1417 e
930 1387 1149 1429 praesentibus
1173 1395 1257 1418 ratus
1280 1395 1387 1418 mutua
1411 1388 1659 1420 dissimulatione
1681 1394 1714 1419 et

139 1430 238 1459 isdem
261 1429 354 1471 quib
365 1441 406 1459 us
428 1430 650 1470 petebatur
673 1430 839 1472 grassa1·i.“

291 1481 382 1510 Hanc
398 1481 569 1511 lectionem
585 1482 631 1512 ed.
647 1483 727 1522 Spir.
747 1488 775 1512 et
788 1481 866 1518 cod„
890 1480 1028 1517 (omissis
1050 1481 1207 1512 artibus
1230 1487 1301 1511 ante
1324 1482 1541 1522 grassari‚)
1560 1480 1712 1523 praefero

139 1530 167 1553 ct
198 1523 270 1562 quia
298 1522 392 1552 facile
417 1533 451 1553 eo
483 1525 609 1553 nomine
636 1533 781 1554 caremus
810 1529 841 1553 et
869 1523 944 1563 quia
977 1524 1156 1563 „grassa1-i“
1191 1523 1327 1565 quodam
1355 1523 1450 1553 modo
1480 1523 1519 1553 ab
1551 1523 1712 1563 „artibus“

140 1563 298 1594 abhorret.
343 1564 458 1594 Obiter
487 1565 619 1602 adnoto,
652 1576 747 1605 supra
777 1565 867 1595 etiam
897 1564 967 1593 cod.
998 1565 1151 1604 praebere
1183 1576 1238 1603 „ea
1267 1565 1358 1605 primi
1389 1565 1557 1595 concilii
1579 1565 1712 1595 forma.“

140 1608 186 1636 Ac
216 1604 349 1636 sortasse
377 1616 469 1644 vere:
505 1617 624 1637 memor
656 1607 739 1637 enim
769 1613 837 1636 erat
865 1606 1130 1637 clandestinorum
1158 1612 1390 1647 conventuum3
1429 1618 1498 1636 nam
1530 1607 1560 1636 in
1588 1606 1712 1638 colonia

140 1649 217 1687 Agr.
238 1647 287 1685 „in
308 1647 435 1677 domum
458 1648 613 1687 privatam
637 1648 855 1686 coiiveniunt,“
877 1657 903 1677 c.
923 1647 974 1678 55.
1397 1653 1400 1656 ’

290 1699 403 1730 lbid.
445 1700 542 1734 ..Illuc
568 1700 717 1730 Claudius
740 1699 855 1738 Labeo,
878 1709 973 1741 quem
996 1706 1123 1739 captum
1145 1707 1174 1731 et
1196 1707 1284 1732 extra
1307 1706 1546 1732 conventum
1568 1698 1712 1730 amanda-

142 1746 207 1769 tum
232 1740 261 1769 in
285 1740 406 1769 Frisios
430 1740 564 1770 diximus
586 1759 627 1763 —
650 1742 816 1782 persughf‘

292 1793 472 1823 Conventus
496 1803 533 1822 ex
557 1793 748 1834 interpolato
773 1794 851 1834 Agr.
877 1803 935 1822 nec
957 1800 1047 1833 aptus
1070 1799 1126 1823 est.
1176 1792 1362 1823 Cod.habet
1383 1799 1497 1822 extra
1518 1800 1713 1821 commen-

142 1841 230 1863 tum.
291 1834 380 1864 Unde
409 1835 560 1866 coniicioz
597 1842 701 1865 extra
732 1841 1001 1866 commeatum.
1054 1835 1133 1863 Nam
1162 1844 1188 1863 c.
1209 1836 1278 1875 -18.,
1312 1846 1375 1875 quo
1402 1835 1468 1874 ipse
1495 1843 1551 1862 nos
1580 1832 1714 1863 remittit

142 1877 284 1913 Tamum,
312 1876 460 1916 legimus:
488 1876 680 1916 „Oppidano
704 1876 876 1907 certamine
896 1877 1033 1906 aemulus
1055 1876 1164 1912 Civili,
1191 1886 1231 1905 ne
1252 1894 1294 1899 -—
1315 1878 1340 1905 si
1360 1877 1566 1909 retineretur,
1594 1874 1712 1904 semina

142 1916 321 1946 discordiae
341 1917 522 1957 praeberet,
545 1918 574 1947 in
594 1919 711 1948 Frisios
732 1918 903 1948 avehitu1·.“
944 1919 1042 1947 Extra
1062 1927 1192 1948 suorum
1214 1918 1310 1957 igitur
1332 1916 1519 1947 commercia
1541 1916 1598 1951 ille,
1612 1926 1714 1944 aman-

142 1958 234 1987 datus
263 1965 339 1987 erat.
398 1959 624 1989 Commeare
654 1961 784 2000 proprie
810 1960 893 1989 valet
927 1959 965 1990 de
999 1959 1061 1989 huc
1093 1959 1167 1988 illuc
1202 1958 1384 2000 frequenter
1419 1957 1580 1997 euntibus,
1616 1957 1714 1986 veluti

142 1999 332 2029 internuncii
354 1998 480 2029 faciunt.
524 2000 575 2029 Sic
597 2002 744 2040 proximo
756 2001 860 2031 statim
876 2001 996 2040 capite:
1018 2000 1121 2041 „Galli
1144 2000 1239 2029 duum
1261 2001 1381 2030 milium
1404 2000 1505 2040 spatio
1529 1998 1712 2028 distantibus

141 2041 260 2081 eampis
296 2041 482 2071 consedere.
563 2042 641 2071 Illuc
684 2043 989 2073 commeantium
1032 2042 1248 2073 centurionum
1287 2042 1485 2083 militumque
1527 2039 1711 2082 emebantur⁸

142 2083 266 2111 animi.‘'·
1622 2102 1624 2104 .

290 2123 400 2154 uist.
422 2125 495 2156 IV.
529 2133 563 2155 e.
595 2123 669 2156 58.
718 2124 827 2163 „Adeo
850 2136 923 2164 nos,
958 2125 983 2155 si
1005 2124 1129 2155 fortuna
1155 2125 1185 2154 in
1207 2135 1356 2166 praesens
1380 2120 1710 2164 virtusquedeseruit,

141 2164 232 2195 etiam
258 2171 367 2195 vetera
387 2166 534 2207 exempla
556 2165 716 2206 deliciunt,
740 2167 864 2208 quoties
887 2184 926 2191 —-
945 2166 1159 2208 pellerentur?
