1794 2318
713 112 765 120 -.
844 91 893 128 11
972 113 1024 122 -.

230 193 335 222 Meam
370 191 587 222 coniecturam
621 191 748 222 lecturis
783 195 942 236 proposui.
1006 196 1094 226 Libri
1126 198 1210 229 enim
1241 199 1373 234 habent:
1415 203 1648 242 „intervertisse

80 232 228 264 creditur.
273 236 406 274 Magna
429 240 461 263 et
482 234 596 263 misera
620 234 748 264 civitas“
769 242 825 266 etc.
869 237 932 266 Sed
955 237 986 267 in
1008 248 1043 268 eo
1065 249 1190 269 mecum
1211 249 1287 281 puto
1311 253 1418 273 omnes
1442 249 1638 278 consentient

77 274 264 316 magnitudo
286 275 375 305 urbis
398 280 431 304 ut
453 274 545 305 nobis
568 285 650 305 nunc
673 276 703 305 in
727 283 864 306 mentem
887 286 1105 317 revocaretur,
1141 282 1259 312 nullam
1287 284 1380 324 plane
1403 295 1527 317 causam
1545 270 1647 320 fuisse}

77 317 252 347 Praeterea
275 327 312 346 ea
335 315 500 356 emphasis,
525 327 584 358 qua
608 317 774 358 insequens
798 319 897 350 oratio
921 331 1033 361 magna
1057 332 1127 351 cum
1150 323 1351 356 miseratione
1372 326 1547 359 induciturz
1601 331 1648 362 Et

77 358 192 388 misera
220 358 339 394 civitas,
368 357 542 398 Othonem,
571 359 736 389 Vitellium
764 371 854 400 passa
877 362 973 402 [quod
1004 363 1199 401 asyntheton,
1221 365 1339 396 decens
1362 368 1442 398 hanc
1464 353 1636 402 oratiori’em

76 400 165 429 nullo
187 399 283 429 modo
307 405 415 429 contra
439 399 508 430 cod.
533 399 733 430 adimendum
755 402 848 443 erat,]
871 420 907 424 —
931 403 1076 443 pudenda
1105 412 1190 436 sorte
1217 407 1364 448 agebatl“
1389 412 1562 450 praemissa
1588 395 1648 443 istai

74 450 168 477 voce,
190 451 339 480 magna,
361 451 492 480 prorsus
515 452 642 481 pessum
665 442 767 472 datur.
811 444 951 480 Accedit,
973 446 1058 486 quod
1075 456 1146 476 cum
1159 448 1369 480 intervertisse
1390 462 1534 492 magnam
1552 465 1648 495 pecu-

75 482 159 511 niam
186 482 334 514 Vitellius
364 489 563 523 argueretur,
597 494 659 513 non
690 491 818 524 praeter
843 495 910 514 rem
934 493 1003 516 erat
1026 487 1196 526 addidisse,
1235 501 1298 531 quo
1322 501 1391 522 eam
1411 494 1543 525 consilio
1568 503 1649 527 esset

74 522 207 555 furatus.
250 523 400 554 Similiter
422 535 517 564 supra
540 535 663 565 ganea
686 525 716 554 in
741 526 832 555 codd.
856 527 944 557 varie
967 528 1173 559 deformatur.
1219 532 1356 563 Omnem
1384 544 1461 566 vero
1488 536 1646 568 inaentem

75 564 165 595 istam
188 565 356 605 pecuniam
378 565 451 606 gula
473 568 594 606 perisse
617 576 656 596 ex
679 567 829 597 Suetonio
852 568 914 598 iam
935 569 1062 609 Lipsius
1085 571 1201 601 docuit.
1522 560 1540 578 ζ’

227 619 338 650 nist.
372 621 433 651 II.
470 629 505 651 (3.
536 620 610 653 98.
674 622 864 659 „Valentem
897 640 938 646 —-
977 630 1053 653 tum
1090 625 1228 664 primum
1268 625 1430 658 infirmitas
1470 630 1646 662 tardabat.“

40 695 42 697 ,
75 661 185 699 Tum,
206 672 270 691 non
292 666 386 690 tunc
410 661 480 691 cod.
504 669 633 693 auctore
655 663 758 692 Furia.

226 714 336 746 nist.
358 714 420 745 11.
444 724 478 745 e.
505 715 610 747 101.
653 715 773 755 „Nobis
794 726 886 757 super
907 716 1030 746 insitam
1054 716 1213 747 levitatem
1236 724 1268 747 et
1290 720 1416 758 prodito
1431 720 1531 751 Galba
1549 724 1646 756 vilem

74 765 149 786 mox
172 754 266 803 fid-em
285 756 495 804 aemulatio-ne
518 758 610 786 etiam
633 757 826 798 invidiaque,
858 768 897 787 ne
925 757 963 786 ab
989 758 1056 787 aliis
1079 759 1163 799 apud
1185 759 1349 791 Vitellium
1377 763 1646 805 anteirentur,

74 803 270 836 pervertisse
296 808 399 837 ipsum
420 798 643 828 videntu1·.“
686 799 834 838 [Caecina
857 805 888 828 et
909 800 1051 838 Bassus]

226 848 377 889 Plerique
400 848 439 878 de
462 859 524 878 uno
549 850 683 879 Caecina
706 860 789 879 nunc
812 851 861 891 agi
883 851 958 889 rati,
982 851 1209 881 anteiretur
1229 870 1272 876 —
1293 853 1455 885 videtur
1476 858 1646 890 corriount,

74 889 139 919 Sed
168 888 246 919 haec
274 899 398 918 mecum
427 897 583 930 reputent.
634 892 803 930 „Iniquam
837 892 1031 922 iracundiam
1064 892 1219 933 perfiditst‘
1250 896 1381 925 Bassum
1417 898 1517 928 ultum
1550 882 1645 940 §ipra

73 930 203 972 quidem
227 938 543 968 commemoraverat3
567 931 622 960 sed
645 942 683 960 an
707 931 764 959 alia
788 933 880 960 etiam
904 934 1038 963 eundem
1061 934 1217 974 „pravitas
1241 936 1429 976 impulerit‚“
1451 939 1519 979 ipse
1541 942 1646 971 statim

76 971 163 1001 addit
186 983 247 1002 non
271 982 362 1011 posse
384 973 465 1001 sciri.
508 973 634 1002 Deinde
657 973 849 1011 „scriptores
872 979 1050 1013 temporum
1071 985 1177 1005 curam
1202 977 1287 1016 pacis
1316 984 1349 1007 et
1375 989 1514 1010 amorem
1543 982 1646 1022 reipu-

73 1012 199 1042 blicae“
221 1013 407 1043 defectionis
432 1023 556 1043 causam
580 1014 610 1042 in
634 1020 769 1054 utroque
792 1014 948 1043 tradentes
971 1015 1002 1043 in
1027 1023 1161 1056 utroque
1184 1018 1277 1047 etiam
1300 1018 1382 1048 haud
1400 1020 1494 1051 dubie
1516 1023 1645 1055 refellit.

74 1054 134 1084 His
156 1054 253 1095 igitur
276 1054 338 1083 iam
368 1054 400 1084 id
429 1056 576 1095 opponit,
607 1055 691 1095 quod
720 1055 779 1084 sibi
808 1055 1066 1085 verisimillimum
1089 1057 1221 1087 videtur.
1264 1060 1369 1100 Atque
1394 1072 1505 1092 causae
1533 1064 1646 1095 allatae
1682 1076 1688 1078 ⁷

72 1096 105 1125 in
128 1102 297 1137 utrumque
316 1105 391 1125 sane
411 1096 531 1135 pariter
550 1095 674 1125 cadunt.
716 1096 825 1135 „insita
848 1097 987 1133 levitas,“
1011 1108 1071 1138 qua
1092 1104 1225 1139 uterque
1247 1110 1329 1129 nunc
1352 1101 1389 1130 ad
1405 1102 1644 1143 Vespasianum·

73 1137 163 1176 „vilis
191 1137 319 1177 prodito
350 1137 451 1166 Galba
480 1137 588 1175 fides,“
623 1149 684 1179 qua
713 1144 783 1167 ante
812 1137 850 1166 ad
875 1137 1033 1168 Othonem
1057 1138 1107 1168 vel
1130 1140 1287 1169 Vitellium
1311 1141 1505 1174 defecerant.
1549 1129 1644 1191 Quod

75 1178 131 1219 qui
155 1189 172 1208 a
195 1179 318 1208 Lucilio
341 1180 439 1209 Basso
462 1178 581 1208 factum
603 1179 766 1219 denegant,
794 1179 930 1213 videant.
961 1190 998 1208 an
1021 1180 1094 1209 satis
1118 1181 1292 1219 prudenter
1315 1182 1461 1214 iecerint.
1514 1188 1645 1218 Etiamsi

75 1220 161 1250 enim
182 1220 327 1256 Tacitus,
362 1227 394 1250 ut
415 1221 446 1249 in
469 1220 573 1250 multis
596 1221 679 1256 aliis,
713 1231 864 1261 nusquam
893 1220 925 1249 id
953 1227 1061 1260 aperte
1087 1228 1233 1259 testatur,
1268 1223 1327 1262 ipsi
1354 1230 1458 1255 tamen
1487 1234 1635 1268 reputent

74 1261 151 1303 quid
179 1261 233 1290 illa
261 1268 440 1301 temporum
469 1262 632 1302 iniquitate
653 1263 784 1291 Bassum
815 1261 899 1290 aliud
927 1262 957 1290 in
986 1262 1124 1302 iniquam
1154 1273 1222 1292 eam
1251 1264 1444 1295 iracundiam
1473 1254 1644 1308 impulerit:

73 1302 132 1332 nisi
153 1302 232 1332 citra
255 1313 343 1342 spem
361 1313 459 1342 parva
481 1302 631 1343 perfidiae
652 1303 805 1342 praemia,
840 1309 874 1332 ut
899 1309 991 1343 „post
1012 1303 1241 1343 praefecturam
1265 1306 1332 1335 alae
1356 1308 1530 1340 Ravennati
1551 1311 1642 1341 simul

74 1353 111 1374 ac
133 1344 301 1374 Misenensi
323 1344 474 1374 classibus
498 1355 514 1373 a
537 1344 666 1374 Vitellio
687 1344 891 1384 praepositus,
919 1344 1004 1391 quod
1028 1355 1089 1373 non
1112 1346 1215 1375 statim
1237 1346 1467 1385 praefecturam
1490 1353 1643 1390 praetorii

74 1385 204 1426 adeptus
226 1385 319 1422 foret,
341 1385 479 1426 iniquam
501 1386 696 1415 iracundiam
719 1385 847 1426 perfidia
870 1385 1120 1415 ulcisceretur?“
1153 1386 1350 1430 Quamquam
1374 1389 1435 1420 hoc
1458 1399 1589 1432 propter
1608 1394 1642 1424 id

73 1433 193 1457 tantum
215 1426 358 1466 profem,
391 1434 426 1457 ut
448 1428 537 1457 etiam
559 1428 707 1467 insignem
732 1428 798 1456 eius
821 1426 984 1466 perfidiam
1015 1427 1074 1466 ipsi
1096 1428 1195 1457 visani
1219 1438 1284 1458 esse
1306 1430 1527 1468 demonstrem,
1560 1445 1641 1474 quae

73 1478 113 1498 ne
129 1468 223 1498 tantis
246 1468 372 1508 quidem
396 1469 544 1508 praemiis
567 1470 754 1509 expleretur.
796 1469 876 1497 Nam
898 1478 967 1497 cum
990 1474 1061 1497 ante
1082 1468 1150 1498 alae
1179 1469 1355 1508 praefectus
1378 1471 1498 1509 suisset,
1532 1485 1548 1503 a
1577 1486 1640 1515 quo

73 1520 193 1551 quaeso
219 1509 249 1538 ei
275 1511 398 1539 muneri
425 1517 492 1540 erat
518 1510 733 1550 praepositus,
771 1509 830 1539 nisi
853 1520 869 1538 a
892 1509 991 1538 Galba
1015 1510 1065 1538 vel
1094 1510 1132 1538 ab
1155 1510 1300 1546 Othone,
1341 1513 1388 1542 vel
1419 1513 1457 1542 ab
1484 1519 1641 1556 utroque?

73 1550 332 1590 ,‚aemulati0nis“
365 1561 440 1582 vero
473 1558 504 1581 et
536 1551 708 1591 „invidiae“
743 1557 807 1580 tam
837 1549 991 1591 flagitiosa
1017 1550 1047 1579 in
1074 1557 1209 1592 utroque
1231 1553 1374 1592 exempla
1395 1565 1497 1595 prope
1520 1550 1639 1597 adsunt,

73 1599 108 1622 ut
128 1602 200 1622 meo
223 1591 322 1632 digito
344 1603 408 1622 non
430 1599 553 1633 egeant.
1090 1601 1104 1604 *

543 1683 818 1715 Historiarum
850 1684 974 1714 Liber
1006 1684 1161 1714 tertius.

222 1758 332 1790 nist.
354 1761 440 1792 111.
463 1768 498 1790 e.
520 1762 559 1792 2.
609 1759 696 1796 „Nisi
724 1758 794 1799 quis
821 1758 948 1797 retinet,
982 1758 1063 1789 idem
1093 1770 1204 1789 suasor
1233 1766 1407 1801 auctorque
1430 1762 1552 1791 consilii
1572 1773 1635 1794 ero.

73 1798 150 1838 Vos,
172 1800 288 1841 quibus
309 1800 438 1830 fortuna
461 1801 493 1830 in
514 1802 638 1840 integro
662 1805 717 1837 est,
741 1800 883 1838 legiones
907 1801 1072 1837 continete,
1099 1801 1175 1830 mihi
1198 1801 1358 1841 expeditae
1381 1802 1528 1832 cohortes
1549 1804 1636 1833 suffi-

73 1841 164 1871 cient.
207 1842 272 1871 Iam
293 1848 462 1872 reseratam
484 1843 611 1881 Italiam,
633 1841 782 1881 impulsas
806 1841 922 1872 Vitellii
944 1851 994 1871 res
1015 1841 1180 1871 audietis.“

223 1893 352 1923 Miretur
369 1893 479 1935 aliquis
497 1900 544 1924 tot
563 1893 705 1923 virorum
720 1893 880 1933 sagacitati
898 1899 960 1922 tam
977 1893 1029 1922 diu
1040 1902 1073 1922 se
1091 1893 1200 1922 vitium
1218 1899 1281 1923 tam
1302 1900 1442 1934 apertum
1456 1895 1634 1925 subducere

71 1933 218 1974 potuisse,
236 1935 328 1975 quale
345 1934 427 1965 hunc
447 1937 552 1966 locum
570 1935 702 1966 obsidet.
736 1935 814 1963 Nam
834 1941 944 1964 auctor
961 1934 1084 1963 consilii
1099 1934 1123 1963 is
1147 1940 1204 1968 est,
1229 1944 1245 1963 a
1264 1944 1326 1975 quo
1346 1936 1448 1975 primo
1463 1936 1634 1975 proficisci-

70 1981 140 2013 tur3
162 1985 272 2005 suasor
292 1986 367 2007 vero
390 1977 480 2018 is‚qui
494 1978 558 2006 eius
577 1976 730 2006 secundas
750 1976 812 2016 agit
829 1975 962 2005 adiutor.
993 1976 1161 2015 Curigitur
1171 1975 1253 2005 hunc
1266 1976 1312 2004 illi
1331 1977 1532 2016 praeposuit?
1554 1978 1633 2006 Pro-

69 2015 156 2046 fecto
171 2016 197 2046 si
209 2027 338 2047 suasore
347 2019 519 2057 praemisso
539 2018 600 2048 duo
619 2027 652 2047 se
670 2028 802 2046 munera
822 2017 953 2046 eundem
972 2017 1116 2057 recipere
1131 2016 1265 2052 dicebat,
1281 2028 1342 2048 non
1361 2026 1561 2048 auctorem
1580 2018 1633 2048 ad-

69 2056 157 2097 didit,
179 2057 234 2087 sed
253 2058 371 2089 diversa
384 2060 537 2100 quaedam
550 2059 718 2089 coniunxit.
750 2058 870 2088 Deinde
889 2067 966 2087 vero
986 2058 1053 2098 quis
1069 2057 1217 2098 aliquem,
1237 2064 1402 2099 postquam
1419 2060 1513 2089 semel
1534 2059 1633 2089 consi-

70 2098 145 2128 lium
163 2100 339 2140 proposuit,
358 2110 397 2130 ne
413 2107 522 2132 auctor
541 2102 588 2138 sit,
607 2099 827 2131 retinebit?
849 2099 942 2144 Quid,
958 2099 1043 2141 quod
1061 2099 1188 2129 omnino
1200 2099 1254 2128 ille
1265 2105 1376 2129 auctor
1386 2109 1448 2130 non
1465 2101 1556 2141 erit,
1579 2100 1631 2130 sed

1145 2150 1233 2191 (Ἦ)
