1794 2318
796 99 1108 135 ...16-

173 198 309 230 defuisse
339 197 423 227 dicit.
467 195 530 225 Sed
561 203 672 223 eumne
694 200 729 223 tu
752 202 857 222 censes
880 192 1024 222 Tacitum
1048 201 1135 228 esse,
1164 190 1214 220 cui
1237 201 1252 219 3
1274 199 1324 219 me
1348 189 1447 219 verba
1476 189 1741 220 subministranda

173 242 252 272 sint?
284 245 388 280 Atque
412 238 443 267 id
466 244 568 266 tamen
589 246 636 265 me
659 234 772 264 secisse
796 234 891 271 dices,
914 233 939 262 si
962 243 1041 273 quae
1063 233 1131 272 ipse
1154 231 1289 271 dederit,
1318 237 1438 261 attente
1461 231 1617 272 perlegas.
1660 232 1741 261 Nam

171 283 253 312 inter
277 290 344 310 eam
366 278 536 313 antithesin,
556 278 640 306 'nullo
664 277 828 313 legatorum
843 286 901 314 pro
926 274 1019 304 Galba
1041 276 1156 310 nitente,
1185 274 1359 312 quibusdam
1381 274 1539 302 notabilius
1561 273 1743 302 turbantibus
1787 290 1794 293 »

172 322 294 359 verbis,
323 329 353 350 ut
377 323 405 349 in
427 320 551 350 tumultu
575 318 649 347 nihil
672 317 735 346 loci
758 316 911 356 relinqui,
940 316 1012 345 luce
1035 322 1079 345 est
1102 315 1228 344 clarius.
1273 316 1380 355 Atque
1406 314 1437 343 id
1459 314 1558 354 magis
1582 315 1675 344 etiam
1697 315 1743 343 iu-

173 363 306 402 dicabis,
334 363 357 391 si
380 361 438 390 alia
461 370 519 400 per
541 360 676 399 primum
699 358 783 387 hunc
806 357 921 386 librum
951 358 1036 394 (nam
1062 356 1136 385 alibi
1160 362 1213 385 aut
1235 356 1320 385 nulla
1344 362 1397 385 aut
1418 366 1519 395 pauca
1543 355 1650 394 video)
1678 366 1742 385 non

175 404 334 434 dissimilia
357 403 500 441 exempla
524 400 727 440 compararis.
770 399 877 428 Facile
900 399 982 427 enim
1004 398 1142 437 suspicio
1166 397 1316 433 nascitur,
1339 397 1485 438 aliquem,
1503 397 1557 437 qui
1578 397 1638 426 sibi
1660 397 1742 437 sapi-

173 457 226 477 ens
248 444 419 482 videretur,
444 444 523 472 haec
546 443 618 471 talia
641 441 768 470 oracula
792 440 995 479 adspersisse.
1040 440 1128 482 Quae
1151 448 1188 469 eo
1211 439 1398 479 plerumque
1421 448 1454 467 se
1476 438 1624 478 produnt,
1653 438 1741 479 quod

172 498 230 528 per
243 496 275 515 se
289 486 360 515 trita
377 491 407 514 et
426 484 564 524 vulgaris
580 482 774 522 prudentiae,
790 482 824 510 iis
843 481 920 510 locis
935 481 1186 520 interponuntur,
1208 480 1237 508 in
1251 479 1365 520 quibus
1385 480 1477 519 plane
1500 489 1654 520 perversa
1669 479 1740 509 sint.

171 531 243 568 Ipse
266 526 361 556 modo
384 532 476 565 caput
499 524 685 564 proximum,
708 522 769 562 56,
789 522 896 552 cadem
917 523 946 550 in
968 533 1002 551 re
1018 532 1153 562 pergens
1169 521 1304 560 inspice:
1329 522 1394 550 Nec
1416 523 1552 560 cuiquam
1573 522 1648 550 ultra
1661 521 1740 561 fides

171 578 222 600 aut
243 569 386 597 memoria
405 568 512 606 prioris
533 566 715 598 sacramenti,
743 565 793 593 sed
813 564 908 602 quod
929 565 962 592 in
984 564 1237 593 seditionibus
1264 564 1418 602 accidit,
1438 564 1512 592 unde
1528 563 1627 601 plures
1650 570 1740 600 erant,

172 620 272 641 omnes
285 610 380 649 suere.
423 609 508 646 Ergo
531 607 592 636 hoc
614 607 645 635 in
670 605 876 635 seditionibus
900 611 1018 634 tantum
1042 603 1090 641 fit,
1120 611 1153 634 ut
1176 615 1237 645 quo
1262 604 1368 643 plures
1394 605 1523 644 ducant,
1560 613 1668 634 omnes
1692 613 1740 634 se-

173 650 326 693 quantur?
359 651 399 678 Et
421 648 506 689 quod
527 648 622 677 maius
646 654 702 682 est,
725 646 845 675 adeone
869 653 999 685 repente
1021 651 1152 685 torpens
1176 646 1276 675 Taciti
1299 646 1459 686 ingenium
1481 646 1674 685 experimur,
1697 651 1740 683 ut,

173 703 258 723 suam
286 691 381 730 ipsius
411 690 535 719 messim
563 687 745 729 praecidat?
776 689 859 716 Dum
891 687 974 716 enim
1001 687 1156 716 exercitus
1191 686 1356 727 perfidiam
1391 694 1583 724 exsecratur,
1618 687 1647 715 in
1675 697 1738 727 quo

173 741 307 775 quatuor
329 738 446 760 tautum
470 730 668 760 centuriones
681 729 799 758 Galbae
818 729 969 768 imagines
985 728 1189 767 protexerint,
1204 734 1349 768 potestne
1367 728 1539 758 addidisse:
1562 729 1603 757 ita
1624 730 1739 767 quidem

138 794 150 805 ι
162 774 231 816 fieri
247 776 275 803 in
288 773 495 802 seditionibus?
530 771 654 800 Deinde
671 777 740 810 post
758 770 883 811 egregia
900 770 977 798 haec
990 770 1087 805 initia,
1105 771 1191 799 insita
1202 770 1375 800 mortalibus
1385 778 1499 809 natura,
1513 780 1636 809 propere
1647 770 1740 808 sequi,
1763 801 1771 804 ,

171 827 244 856 quae
256 817 337 855 piget
354 814 497 849 incohare,
522 812 740 842 memorabiles
757 812 813 841 hos
836 811 911 840 mihi
930 811 1045 851 gradus
1064 811 1152 841 vide:
1175 811 1231 840 sed
1247 811 1277 840 in
1295 812 1419 841 tumultu
1436 813 1555 851 quidam
1570 810 1738 840 notabilius

171 857 306 892 turbant,
328 856 358 884 in
381 856 528 892 seditione,
550 853 634 883 unde
657 854 764 893 plures
789 859 870 889 sunt,
898 863 1000 882 omnes
1022 859 1101 881 sunt.
1145 854 1212 882 llas
1236 852 1420 882 subtilitates
1443 864 1459 881 a
1483 854 1594 882 Tacito
1614 853 1738 882 venisse

171 909 234 928 non
259 907 317 937 ego
341 896 447 925 credO.
491 897 597 936 Neque
620 895 747 924 omnino
771 895 822 930 ita,
845 900 879 922 ut
900 893 951 922 hic
976 894 1115 933 lingitur,
1137 894 1305 923 tumultum
1328 905 1345 923 a
1369 894 1523 923 seditione
1545 894 1663 924 distare
1687 904 1738 923 ex-

174 939 285 979 emplis
307 937 439 977 probari
463 937 565 965 video.
609 936 788 976 Mirumque
807 935 945 964 eiusdem
963 941 1091 964 naturae
1108 935 1281 975 exemplum
1298 946 1391 975 supra
1404 935 1579 973 habuimus,
1600 944 1666 975 cap.
1678 934 1739 972 34„

172 989 203 1010 ut
225 982 253 1009 in
272 980 388 1016 magnis
407 979 572 1016 mendaciis,
595 977 649 1006 ubi
666 977 872 1011 correctione,
894 976 978 1017 quod
998 976 1090 1015 plane
1111 976 1281 1007 absurdum
1297 983 1387 1014 esset,
1409 977 1516 1007 delere
1531 976 1738 1014 tentabamus,

172 1031 265 1063 quum
287 1027 389 1049 tamen
412 1019 462 1049 vel
485 1029 518 1048 ea
538 1018 644 1054 verba,
666 1026 697 1047 ut
720 1020 748 1047 in
769 1020 895 1055 magnis,
917 1017 965 1047 vel
986 1023 1050 1046 tota
1075 1028 1110 1047 ea
1133 1018 1234 1048 oratio
1257 1018 1365 1047 melius
1387 1019 1520 1049 sortasse
1543 1017 1581 1047 ad
1605 1018 1738 1047 eandem

170 1063 256 1092 illam
283 1061 475 1100 insipientem
504 1060 686 1099 sapientiam
714 1059 871 1088 referatur
899 1066 930 1088 et
959 1059 1192 1088 exterminetur.
1243 1061 1320 1088 Nam
1349 1070 1411 1089 non
1438 1061 1467 1089 in
1494 1061 1612 1097 magnis
1635 1060 1738 1089 solum

170 1109 275 1144 partes
296 1112 365 1131 suas
389 1102 507 1142 aliquas
528 1101 622 1130 fuisse
646 1100 788 1130 homines
811 1101 939 1141 gloriari
964 1101 1074 1135 solent,
1095 1100 1148 1129 sed
1173 1106 1269 1140 prout
1291 1107 1338 1130 est
1362 1101 1531 1141 ingenium,
1554 1101 1584 1130 in
1607 1100 1738 1137 levibus,

171 1147 201 1174 in
222 1144 370 1181 ridiculis,
391 1143 418 1171 in
443 1141 648 1179 mirabilibus,
671 1142 802 1182 deniqne
827 1142 856 1170 in
880 1141 1032 1178 omnibns,
1053 1142 1136 1171 unde
1159 1143 1263 1182 aliqua
1285 1141 1323 1171 ad
1347 1153 1380 1171 se
1401 1143 1448 1171 vel
1472 1142 1639 1172 auctoritas
1655 1141 1738 1171 verti

170 1186 221 1216 vel
251 1184 411 1214 admiratio
439 1184 545 1223 possit.
588 1184 697 1223 Neque
724 1183 816 1212 distat
844 1193 911 1223 cap.
934 1184 993 1217 39,
1023 1183 1107 1223 quod
1138 1183 1318 1222 apposuisse
1344 1183 1495 1214 sufficiat:
1523 1184 1595 1213 Iam
1618 1184 1737 1213 Marius

175 1227 272 1256 Celsus
298 1227 374 1255 liaud
394 1226 469 1254 laeta
497 1225 646 1261 retulerat,
675 1235 740 1254 cum
768 1226 818 1253 alii
840 1226 868 1254 in
887 1225 1033 1263 palatium
1060 1226 1163 1261 redire,
1194 1226 1245 1254 alii
1271 1225 1448 1263 Capitolium
1468 1233 1582 1264 petere,
1606 1225 1735 1264 plerique

171 1276 265 1297 rostra
288 1267 453 1305 occupanda
472 1274 628 1303 censerent,
658 1266 756 1305 plures
777 1274 890 1295 tanturn
913 1267 1059 1295 sententiiS
1080 1266 1206 1295 allorum
1228 1268 1469 1306 contradicerent,
1505 1274 1613 1305 utque
1626 1268 1680 1306 fit
1702 1267 1736 1295 in

171 1309 345 1338 consiliis
367 1308 594 1348 infelicibus,
619 1309 730 1346 optima
754 1309 921 1342 viderentur,
944 1317 1069 1346 quorum
1091 1315 1205 1346 ttmpus
1227 1307 1378 1347 effugerat.
1421 1308 1500 1336 Nam
1517 1308 1581 1338 sine
1597 1317 1646 1337 me
1667 1307 1737 1348 qui-

170 1350 217 1379 vis
241 1349 393 1388 intelligit,
422 1349 545 1388 infelicia
568 1360 586 1377 1.
609 1360 636 1378 e.
659 1349 787 1378 deorum
814 1349 858 1377 ira
882 1355 996 1377 eventu
1024 1349 1160 1377 carentia
1186 1349 1318 1378 consilia
1341 1359 1403 1378 non
1425 1359 1461 1378 ea
1485 1359 1562 1385 esse,
1591 1349 1644 1378 ubi
1667 1358 1746 1378 sua-.

170 1391 290 1428 demus,
314 1400 393 1430 quae
416 1389 483 1419 fieri
504 1401 565 1419 non
589 1396 716 1429 possunt
738 1408 776 1412 —
800 1390 878 1419 haec
901 1390 980 1419 enim
1005 1389 1175 1418 bardorum
1199 1396 1270 1419 sunt
1296 1407 1324 1412 »-
1355 1390 1406 1420 sed
1423 1400 1469 1427 ea,
1491 1390 1546 1419 ubi
1566 1400 1645 1431 quae
1666 1400 1754 1432 sua-v

170 1432 293 1467 demus,
329 1442 389 1461 non
417 1430 502 1460 fiunt.
559 1431 622 1459 Sed
653 1431 729 1460 alius
758 1438 923 1470 praeterea
959 1431 1098 1460 omnium
1128 1432 1262 1460 maxime
1294 1431 1423 1470 insignis
1448 1432 1537 1461 locus
1567 1437 1597 1462 et
1623 1432 1657 1471 1.,
1683 1430 1734 1463 69.

171 1473 346 1503 crudeliter
369 1483 384 1500 a
408 1472 541 1501 Caecina
565 1472 594 1500 in
619 1473 798 1501 innocentes
821 1472 987 1502 Helvetios
1011 1479 1078 1501 erat
1101 1472 1279 1501 consultum
1303 1479 1397 1513 atque
1419 1473 1581 1503 saevitum.
1628 1470 1736 1503 -Aven-

168 1514 276 1551 ticum,
297 1514 396 1554 gentis
420 1519 521 1552 caput,
543 1519 615 1552 post
637 1515 733 1542 multa
756 1513 839 1542 milia
863 1524 962 1550 caesa,
985 1524 1018 1542 se
1036 1513 1138 1550 dedit3
1162 1512 1280 1542 deditio
1300 1520 1439 1554 accepta,
1461 1514 1517 1543 sed
1533 1511 1734 1544 nihilominus
1763 1522 1766 1525 ⁴

168 1555 200 1585 in
220 1555 333 1584 Juliam
356 1554 505 1593 Alpinum
528 1554 755 1593 animadvertit,
778 1561 902 1583 ceteros
926 1555 1033 1584 xeniae
1058 1555 1106 1583 vel
1130 1555 1279 1585 saevitiae
1294 1555 1414 1585 Vitellii
1437 1555 1596 1596 relinquit.
1640 1555 1738 1585 Haud

165 1596 253 1636 facile
273 1597 347 1625 dictu
363 1604 412 1629 est,
435 1595 475 1624 ita
495 1596 552 1624 iam
569 1596 678 1635 pergit,
700 1597 786 1633 legati
803 1597 1007 1625 Helvetiorum
1028 1597 1305 1634 minusplacabilem
1326 1598 1532 1636 imperatorem
1553 1607 1591 1626 an
1612 1595 1736 1626 militem

169 1638 332 1666 invenerint.
387 1637 516 1665 CiVitatt's
547 1638 692 1666 excidium
724 1645 865 1676 poscunt,
901 1638 956 1666 tela
985 1647 1019 1666 ac
1047 1647 1152 1667 manus
1174 1639 1202 1666 in
1225 1648 1278 1666 ora
1303 1639 1468 1675 legatorum
1490 1640 1645 1674 intentant.
1686 1638 1736 1667 Ne

175 1679 307 1708 Vitellius
329 1679 443 1717 quidem
464 1679 550 1706 minis
573 1688 606 1707 ac
629 1679 718 1707 vcrbIs
742 1679 933 1717 temperabat,
956 1689 1022 1707 cum
1045 1679 1182 1707 Claudius
1209 1679 1333 1715 Cossus,
1353 1689 1427 1708 unus
1450 1690 1487 1708 ex
1508 1681 1626 1717 legatis,
1647 1686 1735 1708 notae

160 1720 333 1760 facundiae,
361 1721 412 1748 sed
433 1719 542 1748 dicendi
563 1727 654 1748 artem
677 1728 746 1758 apta
768 1721 956 1758 trepidatione
978 1720 1126 1748 occultans
1148 1727 1233 1758 atque
1256 1732 1288 1749 eo
1311 1721 1448 1760 validior,
1479 1718 1735 1750 militiffanimur'n

168 1762 322 1798 mitigavit,
359 1769 393 1789 ut
415 1770 490 1789 mos
513 1768 565 1789 est
585 1761 705 1797 vulgo,
740 1762 953 1790 mutabilem
973 1761 1111 1790 subitis
1134 1769 1164 1790 et
1186 1769 1259 1790 tam
1274 1772 1434 1800 pronum
1455 1763 1499 1792 ad
1519 1763 1735 1802 misericor,-
1753 1760 1768 1773 ’·

169 1803 264 1830 diam
294 1812 399 1840 quain
427 1803 665 1831 immodicum
690 1803 848 1831 saevitia
872 1803 1006 1842 suerat.
1052 1801 1171 1841 Effusis
1198 1803 1326 1832 lacrimis
1351 1811 1377 1832 et
1405 1804 1527 1833 meliora
1555 1804 1736 1833 constantias

162 1843 340 1881 postulando
370 1844 569 1881 impunitatem
596 1843 774 1882 salutemque
803 1845 911 1872 civitati
939 1845 1134 1882 impetravere.
1177 1844 1256 1872 Nam
1283 1844 1335 1872 hic
1362 1844 1489 1884 quidem
1518 1844 1654 1885 glossam
1676 1853 1735 1873 nos

168 1883 284 1913 habere
306 1883 373 1922 ipsa
396 1883 490 1913 verba
513 1893 606 1924 aegre
631 1894 700 1913 cum
722 1883 829 1914 verbis
851 1884 953 1913 Taciti
980 1884 1195 1914 consarcinata
1219 1892 1404 1925 coarguunt.
1446 1887 1510 1916 Aut
1534 1885 1617 1914 enim
1642 1892 1734 1915 muta-

169 1926 221 1953 bile
239 1923 405 1963 scribatur,
423 1931 475 1954 aut
493 1925 667 1954 immodicus
681 1931 816 1964 oportet,
835 1931 887 1954 aut
905 1925 1062 1955 omittatur
1075 1926 1183 1965 fuerat,
1200 1932 1234 1955 ut
1243 1932 1346 1955 tamen
1359 1926 1580 1967 grammaticae
1596 1925 1734 1956 satisfiat.

168 1966 231 1995 Sed
254 1966 451 1995 verissimum
472 1964 568 1995 fuerit
590 1975 752 2006 reponere,
774 1967 858 2007 quod
882 1966 1030 1997 exhibent
1053 1966 1122 1997 cod.
1145 1967 1234 2008 Reg„
1257 1967 1361 2005 Corb.,
1383 1967 1474 2003 Eud„
1490 1968 1598 2008 Agric.
1622 1974 1655 1998 et
1669 1968 1734 2008 ple-

167 2016 302 2046 rumque
330 2016 401 2036 cum
431 2006 501 2036 cod.
523 2007 665 2036 Florent.
695 2008 892 2038 consentiens
915 2007 964 2037 ed.
987 2007 1070 2048 Spir.
1097 2009 1185 2047 (nam
1212 2008 1243 2037 in
1271 2008 1341 2039 cod.
1362 2009 1519 2039 Flor.hic
1541 2020 1602 2039 una
1624 2008 1734 2038 charta

168 2047 311 2086 interiit):
347 2049 388 2078 Ut
412 2057 453 2078 est
474 2058 551 2088 mos,
573 2049 675 2086 vulgus
696 2050 833 2078 mutabile
855 2050 958 2079 subitis
980 2057 1007 2079 et
1029 2057 1091 2078 tam
1107 2059 1238 2088 pronum
1260 2056 1319 2079 etc.
1363 2050 1415 2079 Sic
1437 2051 1519 2080 enim
1542 2060 1657 2090 purum
1676 2059 1734 2090 pu-

168 2095 296 2129 tumque
319 2089 471 2129 glossema
493 2089 595 2129 ipsum
617 2089 760 2127 habebis,
787 2090 874 2131 qnod
895 2100 958 2119 non
979 2101 995 2119 a
1019 2090 1128 2121 Tacito
1151 2100 1221 2121 esse
1242 2091 1341 2121 multo
1365 2092 1458 2125 etiam
1479 2092 1618 2133 gravius,
1639 2100 1735 2132 quam

167 2135 296 2160 externa
318 2130 398 2161 haec
419 2130 549 2171 indicia,
575 2130 645 2171 ipsa
666 2130 830 2161 totius-rei
850 2137 963 2162 natura
985 2131 1186 2162 demonstrat.
1229 2132 1310 2162 Nam
1332 2132 1408 2174 quid
1430 2132 1610 2175 eamzvruigi
1631 2131 1736 2173 despi-
