1794 2318
779 100 1091 136 -10...

150 205 268 236 deserti
289 213 326 234 ac
345 202 472 233 sibimet
487 202 594 233 duces.
638 201 776 232 Caelesti
799 203 969 234 crederent
990 202 1111 243 primo,
1147 202 1233 232 cuius
1260 201 1375 232 auxilio
1397 219 1439 225 —-
1459 202 1600 233 miserias
1622 211 1722 242 pepu-

150 246 298 284 lissent.,“
317 251 423 276 cetera
445 245 567 286 quidem
589 244 778 285 probabant,
800 245 853 275 sed
875 251 917 275 ut
939 244 1114 275 caelesti
1136 244 1250 275 addere
1270 254 1319 275 me
1342 243 1502 285 iubebant,
1524 254 1588 286 quo
1612 252 1721 274 carere

150 299 212 319 non
232 298 405 329 possemus.

301 349 412 380 nist.
438 351 497 381 II.
527 356 562 379 ο.
585 346 660 379 80.
703 348 764 386 „Ut
790 348 928 388 primum
957 352 1061 377 tantae
1089 346 1317 376 altitudinis
1346 346 1492 378 obfusam
1520 346 1619 378 oculis
1648 344 1722 377 eali-

150 391 254 433 ginem
276 391 426 421 disiecit.“

281 442 429 490 ‘It-ajam
451 441 625 471 Trillerum
649 440 820 471 coniecisse
842 440 946 471 video.
971 439 1064 470 codd.
1086 440 1380 479 multitudinis;
1404 440 1550 481 plerique
1571 438 1719 475 tenuiter,

151 489 390 514 mutationis.

298 544 410 577 lbid.
452 545 555 583 „Tum
572 543 827 574 Antiochensium
843 544 999 574 theatrum
1012 544 1184 584 ingressus,
1207 543 1262 573 ubi
1284 543 1350 573 illi
1371 543 1551 578 consultare
1562 551 1632 572 mos
1646 541 1722 572 est.“

299 596 486 637 effingunt,
518 595 625 631 iliis3
654 596 719 625 illi
748 597 850 625 locate
874 602 934 634 est,
964 586 1078 625 iilic?

300 658 410 689 nist.
439 660 488 689 n.
511 665 545 688 e.
565 656 639 688 88.
683 658 750 687 Nec
773 658 872 687 minus
896 654 1080 687 scacvuffm
1103 658 1338 697 spectaculum“
1359 668 1421 687 non
1445 665 1516 686 esse
1537 653 1722 684 mutandum

150 699 180 728 in
198 708 363 736 saevum,
386 698 477 728 illusa
493 698 532 727 ab
555 697 736 726 hominibus
761 696 889 726 urbanis
913 696 1121 727 barbarorum
1144 699 1264 727 inscitia
1287 699 1492 732 demonstrat,
1515 707 1595 736 quae
1618 695 1723 726 statim

148 740 335 781 insequitur:
372 750 463 779 „curn
493 738 617 768 turbam
647 738 758 777 populi
788 749 846 778 per
874 738 1027 768 inscitiam
1056 749 1168 779 parum
1196 739 1330 770 vitarent
1357 744 1410 767 aut
1431 737 1483 767 ubi
1506 737 1630 767 lubrico
1652 736 1721 767 viae

151 782 201 812 vel
224 790 360 812 occursu
382 780 509 810 alicuius
532 778 773 819 procidissentf‘

301 843 410 873 nist.
439 843 488 874 11.
511 849 546 871 c.
567 839 638 871 89.
682 840 786 870 Pons
816 839 940 869 Mulvi
968 839 1021 869 hic
1049 847 1080 870 et
1108 842 1176 878 HL,
1212 841 1262 871 82.
1292 851 1308 871 e
1330 840 1400 870 cod.
1435 847 1467 870 et
1495 839 1542 870 ed.
1565 839 1650 880 Spir.
1680 838 1720 870 ab

149 885 215 915 aliis
239 884 300 913 iam
328 889 413 914 recte
443 882 603 911 restitutus
634 887 688 910 cst.
733 882 834 911 Ritter
864 891 929 911 eam
960 881 1030 911 cod.
1051 883 1292 921 verecundiam,
1331 893 1411 923 quae
1435 892 1526 911 more
1552 880 1655 911 Taciti
1684 889 1720 911 eo

150 926 363 961 confirmatur,
386 935 447 965 quo
471 923 625 964 genitivos
649 922 768 952 addere
791 923 883 959 solet,
907 922 960 952 ubi
983 924 1181 955 consuetudo
1206 925 1359 954 adiectiva
1384 933 1545 964 apponere
1557 922 1724 959 maluerat,

147 967 246 998 veluti
275 967 388 997 civium
419 975 520 1004 arma,
554 974 683 1004 campus
711 965 819 995 Martis
850 971 926 1004 etc.,
961 963 1021 994 hac
1049 972 1123 995 nota
1152 967 1281 997 avertit:
1315 967 1401 995 Pons
1425 965 1560 996 Mulvius
1587 969 1633 994 est
1661 963 1723 993 die

148 1007 461 1039 Falkenbrilclie.

299 1067 408 1098 nist.
432 1067 491 1097 ΙΙ.
513 1073 548 1096 c.
567 1064 642 1096 93.
684 1063 937 1102 „Germanorum
962 1065 1276 1107 Batavorumque
1297 1064 1434 1096 obnoxia
1450 1064 1571 1095 morbis
1585 1072 1721 1104 corpora

149 1108 284 1139 {luminis
307 1108 439 1138 aviditas
462 1113 493 1136 et
516 1113 614 1137 aestus
637 1105 829 1146 impatientia
856 1105 1032 1135 labefecit.“

298 1159 523 1191 Reducendam
547 1159 690 1188 Rhenani
714 1159 928 1188 coniecturam
951 1158 1032 1188 hanc
1054 1158 1204 1199 arbitror,
1225 1170 1320 1200 quum
1342 1159 1490 1200 plerique
1511 1166 1605 1193 nunc,
1627 1155 1721 1186 Gal·

149 1203 339 1243 lorumque
362 1200 548 1241 praeferant.
594 1201 672 1229 Nam
696 1200 771 1229 illuc
795 1211 854 1231 non
878 1201 981 1229 solum
1005 1201 1075 1231 cod.
1098 1201 1224 1237 vitium,
1261 1202 1476 1237 Gavorum,
1514 1199 1540 1229 si
1567 1199 1616 1228 ed.
1637 1197 1720 1238 Spir.

149 1254 292 1276 errorem
320 1253 500 1283 comparas,
539 1242 809 1276 Gadavorum,
844 1252 899 1272 nos
924 1241 1024 1279 ducit,
1060 1242 1115 1271 sed
1145 1244 1337 1272 Batavorum
1366 1248 1497 1271 naturae
1527 1241 1619 1270 unice
1648 1245 1720 1279 apta

149 1285 337 1325 descriptio,
372 1284 502 1325 quaein
527 1283 634 1312 Gallos
658 1283 709 1313 vix
739 1283 832 1312 cadit.
877 1282 972 1328 Quod
1002 1290 1105 1313 autem
1136 1291 1317 1324 opponunt,
1351 1286 1544 1314 Batavorum
1574 1280 1720 1311 cohortes

149 1327 267 1357 dudum
287 1326 433 1355 remissas
456 1325 564 1363 fuisse,
585 1324 662 1353 nihil
685 1334 735 1354 me
758 1330 881 1362 movet3
912 1335 983 1353 nam
1008 1325 1098 1354 multi
1126 1325 1208 1355 haud
1236 1325 1331 1355 dubie
1354 1325 1466 1355 Batavi
1487 1325 1721 1353 Germanorum

150 1367 335 1399 cohortibus
356 1366 489 1395 immixti
511 1365 646 1395 suerunt.

296 1419 406 1450 nist.
438 1419 498 1449 11.
532 1426 566 1447 e.
595 1417 663 1447 94.
712 1417 822 1448 Probo
841 1416 1001 1447 Pichenae
1023 1418 1166 1457 „insitam
1193 1419 1284 1448 inerti
1306 1418 1408 1449 animo
1429 1417 1632 1458 ignaviam;“
1664 1414 1722 1447 sed

150 1472 220 1509 cum
244 1460 314 1508 cod.
337 1460 459 1499 habeat,
482 1464 664 1497 mortem,
686 1469 723 1489 ne
745 1470 841 1489 unum
865 1459 993 1501 quidem
1015 1461 1134 1500 apicem
1156 1461 1315 1502 negligam
1337 1460 1556 1501 scribamque,
1588 1460 1720 1489 inerte
1759 1490 1767 1500 =

149 1514 187 1532 in
210 1512 323 1532 ammo.

302 1553 411 1584 nist.
433 1553 494 1584 11.
518 1561 552 1583 c.
575 1552 641 1583 95.
684 1551 835 1591 „Inferias
859 1552 1028 1582 Neronis
1051 1552 1209 1583 fecisset.“
1251 1555 1344 1583 Hunc
1357 1553 1531 1593 genitivum
1546 1551 1719 1582 Neronis

153 1596 231 1626 dare
264 1595 353 1634 cod.,
391 1593 543 1623 silendum
573 1605 634 1623 non
665 1600 741 1623 erat.
793 1594 964 1625 Commode
991 1595 1074 1624 enim
1109 1594 1314 1635 retinebitur,
1350 1596 1375 1624 si
1409 1594 1589 1630 fecisset,
1621 1591 1723 1633 Lipsii

150 1637 373 1673 coniecturam,
408 1645 444 1665 ac
480 1635 647 1665 stabilitam
674 1635 735 1665 hoc
765 1635 910 1676 genitivo,
945 1636 984 1665 ad
1018 1646 1108 1666 sacra
1144 1636 1273 1677 proprie
1300 1637 1458 1677 pertinere
1487 1642 1519 1666 et
1546 1635 1722 1675 simplicem

149 1678 361 1708 accusativum
391 1677 576 1717 plerumque
606 1687 765 1706 assumere
794 1678 985 1707 memineris.
1037 1680 1155 1708 Tuetur
1180 1684 1346 1718 praeterea
1376 1677 1549 1708 Neronis
1580 1676 1720 1713 inferias,

150 1720 236 1760 quod
259 1719 407 1750 Vitellius
429 1729 479 1748 eas
502 1725 610 1758 utpote
633 1719 734 1749 Juliae
755 1719 856 1759 gentis
880 1721 1024 1759 proprias
1047 1719 1160 1749 deberi
1179 1720 1204 1749 ei
1227 1719 1362 1757 dicebat,
1386 1726 1419 1749 ut
1438 1719 1539 1749 oratio
1552 1719 1719 1758 insequens

150 1767 179 1791 et
202 1761 392 1801 Augustales
416 1761 569 1801 aperiunt.
594 1766 684 1789 erant
705 1760 799 1801 igitur
819 1760 902 1790 eius
926 1760 1074 1800 inseriae,
1107 1772 1170 1792 non
1201 1761 1230 1791 ei
1252 1761 1359 1798 datae,
1395 1767 1428 1790 ut
1450 1761 1552 1789 minus
1574 1765 1720 1789 accurate

150 1803 329 1832 Suetonius.
1023 1807 1029 1811 “

299 1854 410 1886 Ibid.
454 1855 573 1892 „Nemo
597 1853 628 1882 in
651 1853 703 1882 illa
727 1853 796 1882 aula
819 1853 980 1893 probitate
1002 1860 1056 1884 aut
1080 1853 1230 1884 industria
1253 1853 1402 1890 certavit3
1432 1863 1525 1882 unum
1547 1852 1585 1881 ad
1608 1858 1719 1892 poten-

149 1895 223 1924 tiam
245 1895 322 1932 iter,
352 1894 495 1935 prodigis
522 1895 620 1934 epulis
653 1901 681 1924 et
708 1901 834 1935 sumptu
865 1906 1026 1936 ganeaque
1056 1895 1170 1925 satiare
1196 1894 1397 1934 inexplebiles
1420 1894 1536 1925 Vitellii
1564 1893 1718 1923 libidines.

149 1938 220 1976 Ipse
233 1936 355 1966 abunde
368 1943 464 1975 ratuS,
482 1936 506 1965 si
520 1935 737 1976 praesentibus
749 1936 915 1977 frueretur,
935 1937 1034 1967 necin
1047 1937 1169 1977 longius
1183 1937 1361 1966 consultans
1372 1935 1476 1966 novies
1493 1935 1593 1964 milies
1607 1940 1716 1965 sester-

148 1978 225 2008 tium
245 1978 440 2017 paucissimis
462 1978 618 2007 mensibus
635 1978 849 2009 intervertisse
859 1979 1000 2008 creditur
1016 1979 1163 2018 sagina.
1196 1979 1237 2007 Et
1255 1978 1368 2006 misera
1390 1977 1497 2006 civitas
1509 1977 1622 2006 eodem
1636 1986 1716 2006 anno

151 2018 320 2055 Othonem,
350 2019 512 2050 Vitellium
542 2030 631 2059 passa
664 2020 747 2050 inter
770 2020 891 2059 Vinios,
919 2019 1044 2056 Fabios,
1071 2019 1178 2057 Icelos,
1206 2020 1364 2048 Asiaticos
1392 2018 1478 2048 varia
1508 2025 1538 2048 et
1568 2016 1717 2059 pudenda

150 2067 231 2131 s‹l)rte
254 2060 373 2101 agebat,
411 2060 513 2091 donec
536 2071 719 2092 successere
741 2062 902 2092 Mucianus
925 2068 957 2092 et
978 2061 1154 2100 Marcellus,
1187 2066 1217 2091 et
1238 2060 1335 2101 magis
1358 2059 1412 2090 alii
1433 2059 1582 2098 homines,
1620 2068 1717 2100 quam

150 2111 167 2130 a
182 2101 200 2130 ii
220 2105 356 2132 more8.“
