1794 2318
767 90 1053 127 -2-

121 197 224 227 minus
248 195 411 231 concedes,
434 195 500 225 eius
523 195 610 224 urbis
633 195 735 234 situm,
761 194 815 235 qui
839 194 959 224 cunetis
983 193 1163 223 notissimus
1187 199 1280 232 esset,
1309 193 1427 224 docere
1449 194 1533 224 velle
1555 194 1704 235 legentes,

121 245 186 268 tum
216 237 245 266 in
275 247 372 276 opere
403 237 570 272 historico,
605 246 673 266 esse
701 235 941 265 subabsurdum.
986 236 1026 264 Et
1053 235 1112 263 alia
1141 242 1209 264 sunt
1236 235 1266 264 in
1290 234 1350 264 hoc
1374 246 1474 275 opere
1495 236 1704 276 glossemata3

121 279 218 309 veluti
241 279 469 318 apertissimum
495 278 588 312 illud,
613 279 658 316 IL,
670 277 725 310 93:
749 278 850 317 „etesi
874 276 988 317 [flabra
1012 277 1182 317 aquilonis]
1207 287 1294 306 arum
1316 275 1424 307 llatu.“
1468 277 1603 307 Gravius
1627 288 1703 309 vero

122 321 231 350 vitium
261 321 359 359 ipsam
389 320 451 348 Titi
480 320 740 349 consultationem
772 319 904 348 obsidet.
961 320 1039 348 Nam
1067 318 1132 347 illic
1162 325 1266 348 certae
1294 319 1423 348 victoris
1453 318 1591 349 offensae
1621 319 1703 350 duae

122 368 325 401 opponuntur
352 361 577 390 excusationes.
630 362 656 389 E
683 361 797 402 quibus
827 360 925 389 altera
952 359 1112 390 verissima
1139 366 1183 389 est
1211 370 1228 388 a
1257 360 1355 399 patris
1385 360 1575 390 auctoritate
1597 361 1703 400 petita,

121 414 213 444 quam
236 403 317 431 silius
341 409 526 442 exspectare
549 402 694 432 debebat.
743 402 884 431 Alterum
910 412 988 431 vero
1012 400 1197 437 ridiculum,
1232 402 1255 429 si
1281 402 1434 431 incerta
1466 402 1639 431 victoria
1667 412 1702 432 se

122 451 302 474 excusatum
330 444 368 472 iri
398 443 551 483 sperabat.
602 444 700 487 Quasi
725 454 803 473 vero
827 454 888 472 non
913 443 944 471 id
969 443 1068 483 ipsum
1093 443 1195 471 victor
1217 449 1296 472 esset
1318 442 1582 482 reprehensurus,
1615 443 1703 484 quod

122 495 200 520 non,
232 485 303 514 dum
326 485 458 515 victoria
483 485 601 515 incerta
625 484 797 525 pendebat,
830 495 885 514 suo
911 495 978 514 eam
1003 490 1164 513 momento
1187 483 1371 515 adiuvisset!
1416 485 1526 524 Itaque
1549 484 1702 514 scribam:

122 527 185 556 Sed
209 527 403 555 incertam
433 527 661 565 victoriam,
695 533 723 556 et
754 526 942 556 concedente
964 527 994 555 in
1016 532 1117 565 partes
1141 532 1227 564 patre
1249 525 1350 554 filium
1373 532 1565 555 excusatum.
1610 526 1703 556 Nunc

122 568 214 605 enim,
237 578 307 596 cum
332 568 459 597 victoris
483 567 634 607 oll'ensam
660 570 786 607 cogitat.
814 567 873 596 sibi
896 569 1038 607 opponit.
1070 567 1138 596 sed
1164 567 1194 595 id
1219 566 1321 606 ipsum
1346 576 1415 600 esse
1438 567 1606 606 incertum,
1632 574 1705 597 uter

121 610 159 639 sit
181 609 283 638 victor
306 609 438 643 futurus,
461 609 612 638 iudicium
632 610 747 644 autem,
770 609 833 638 utri
851 609 956 639 adesse
974 609 1059 647 velit,
1079 620 1140 638 non
1159 609 1240 648 apud
1254 618 1287 637 se
1303 618 1382 643 esse,
1406 609 1459 637 sed
1474 608 1556 647 apud
1573 615 1702 648 patrem.

122 651 205 679 Hinc
235 650 326 679 simul
356 656 459 690 patet,
499 658 569 680 ante
599 651 674 679 Sed
705 661 772 680 csse
795 651 889 690 plene
912 650 1207 690 interpungendum.
1254 651 1402 679 Ceterum
1431 649 1462 678 id
1493 650 1573 680 hanc
1601 650 1704 681 conie-

122 700 241 721 cturam
265 702 456 731 magnopere
479 692 620 729 adiuvat,
645 692 728 732 quod
753 691 801 721 ed.
822 692 904 731 Spir.
928 692 1159 726 accusativum,
1183 691 1367 727 victoriam,
1389 691 1539 731 praebet3
1567 702 1601 722 ea
1624 702 1703 723 vero

122 733 216 763 editio
233 743 302 762 cum
321 733 404 762 Flor.
420 734 608 774 plerumque
625 734 802 772 conspirat;
825 733 880 762 sed
900 733 929 762 in
945 733 1131 762 Florentino
1146 732 1258 762 folium
1272 743 1377 766 unum,
1405 732 1443 761 ad
1465 732 1658 773 verba‘cap.
1673 733 1704 765 2.

121 774 216 804 haec:
246 781 276 804 et
299 775 437 813 Cyprum
460 775 588 814 insulas,
614 775 786 805 intercidit.
837 774 1044 820 Quapropter
1074 773 1143 811 alia,
1171 784 1254 815 quae
1275 775 1307 803 in
1329 774 1432 814 primo
1457 775 1560 814 capite
1583 775 1704 805 incerta

121 823 201 853 sunt,
223 815 345 846 silentio
368 816 485 845 transii.

273 879 384 912 nist,
408 879 466 910 ΙΙ.
491 887 524 908 ο.
547 877 588 909 4.
639 877 883 924 „Quantumque
904 878 965 907 illis
983 877 1109 908 roboris
1132 877 1313 908 discrimina
1337 886 1368 910 et
1389 879 1492 919 labor,
1520 885 1642 909 tantum
1653 877 1703 915 his

122 920 240 962 vigoris
263 920 428 950 addiderat
451 921 571 960 integra
595 920 683 960 quies
708 927 736 949 et
759 920 915 960 inexperti
938 919 1013 949 belli
1037 920 1182 950 labor.“

274 973 372 1001 Recte
400 970 484 1000 liaud
514 971 610 1000 dubie
634 971 745 1000 vitium
769 971 800 1001 in
823 972 932 1001 ultima
957 981 1036 1002 voce
1058 971 1211 1001 intellexit
1233 971 1420 1011 Bhenanus,
1446 971 1501 1012 qui
1523 970 1706 1011 corrigebat

123 1012 256 1043 ardor.
300 1014 341 1042 Et
364 1012 498 1042 fortasse
522 1013 614 1041 etiam
639 1013 785 1049 verbum,
808 1013 894 1054 quod
917 1013 1093 1053 rescripsit,
1125 1023 1232 1043 verum
1255 1019 1316 1051 est5
1345 1024 1415 1042 nam
1439 1012 1506 1042 lieri
1530 1013 1644 1053 potuit,
1670 1018 1706 1042 ut

123 1055 269 1084 librarius
286 1061 425 1083 nontam
445 1054 594 1084 ductuum
619 1054 820 1085 similitudine
842 1055 1014 1090 aberraret,
1037 1065 1131 1095 quam
1155 1065 1252 1094 prave
1276 1065 1400 1084 memor
1419 1055 1536 1084 laboris
1554 1054 1585 1083 id
1602 1054 1705 1094 ipsum

124 1096 256 1128 verbum
275 1107 334 1136 pro
354 1096 464 1125 ardore
478 1102 644 1136 repeteret.
689 1097 730 1125 Et
753 1096 823 1136 plus
846 1098 940 1126 semel
965 1097 1006 1126 ita
1031 1102 1152 1135 peccat.
1196 1096 1250 1125 Sin
1271 1096 1302 1125 id
1318 1097 1419 1126 minus
1433 1107 1543 1126 verum
1568 1095 1705 1136 putabis,

124 1138 307 1175 suaderem,
336 1137 490 1177 inexperti
514 1138 589 1166 belli
614 1137 755 1167 libido.
801 1139 879 1168 Nam
904 1138 982 1168 belli
1010 1138 1131 1173 livor,
1165 1137 1277 1177 (libor)
1301 1138 1384 1178 quod
1409 1139 1552 1178 proxime
1575 1137 1706 1177 abesset,

125 1180 175 1210 vel
198 1179 326 1218 favor,
355 1178 476 1219 (fabor)
500 1190 614 1208 vereor
637 1190 673 1209 ne
698 1179 844 1210 audacius
869 1180 1001 1210 dicatur.
1046 1181 1073 1209 A
1097 1180 1207 1210 favore
1232 1186 1331 1208 autem
1354 1190 1417 1209 non
1435 1180 1530 1209 distat
1552 1177 1704 1210 servor.

125 1222 197 1251 Hoc
221 1227 280 1258 est,
309 1221 338 1249 in
363 1220 516 1250 eiusmodi
539 1221 618 1251 locis
641 1221 741 1251 verbo
764 1221 873 1252 ludere
896 1222 988 1252 inane
1011 1227 1075 1259 est,
1105 1230 1141 1250 ac
1165 1221 1352 1251 sententiam
1375 1231 1432 1251 nos
1454 1221 1611 1251 iuvenisse
1631 1220 1705 1251 satis

124 1262 221 1292 debet
242 1261 390 1302 prudenti
413 1262 521 1292 videri.

275 1325 384 1356 nist.
419 1325 480 1355 11.
512 1334 547 1355 o.
583 1324 624 1356 6.
684 1324 942 1363 „Sacramentum
980 1324 1116 1355 Othonis
1158 1331 1326 1365 acceperat
1359 1330 1494 1365 uterque
1532 1323 1703 1359 exercitus,

125 1365 440 1406 praecipitibus,
473 1372 507 1395 ut
534 1368 665 1405 assolet,
697 1367 841 1396 nuntiis.“

276 1421 329 1450 Sic
359 1423 536 1462 corrigunt,
571 1432 641 1451 cum
673 1421 765 1451 codd.
791 1426 944 1461 peccent,
975 1420 1168 1461 precibus.
1219 1420 1279 1450 Sed
1307 1421 1496 1461 praecipites
1525 1426 1558 1451 et
1581 1427 1705 1450 temere

126 1469 252 1493 ruentes
282 1463 380 1492 nuntii
409 1463 457 1492 vix
488 1473 525 1492 ex
556 1463 703 1503 dignitate
731 1464 852 1503 imperii
885 1468 968 1492 sunt.
1018 1462 1102 1491 Malo
1131 1462 1226 1502 igitur
1260 1463 1508 1502 pernicibus.
1559 1463 1621 1502 HL,
1645 1462 1703 1492 40:

126 1504 309 1544 „Perditam
334 1504 465 1534 classem
489 1504 722 1545 pernicibus
746 1505 860 1534 nuntiis
883 1505 1027 1543 accepit·‘
1626 1523 1644 1538 ς

278 1557 387 1587 nist.
416 1557 477 1587 11.
506 1566 539 1586 ο.
571 1556 609 1588 ἶ.
663 1557 753 1592 „Non
783 1556 917 1586 fallebat
946 1555 1042 1584 duces
1073 1555 1207 1595 impetus
1240 1556 1389 1593 militum3
1428 1555 1484 1585 sed
1516 1554 1705 1585 bellantibus

128 1597 196 1668 εἲίἰῗ
225 1597 344 1646 placuit
372 1598 606 1638 exspectari
633 1597 732 1627 belli
761 1599 918 1628 exitum.
967 1597 1115 1629 Victores
1145 1598 1311 1638 victosque
1340 1608 1500 1639 nunquam
1523 1597 1624 1627 solida
1644 1595 1706 1627 fide

128 1649 184 1670 coa
200 1644 334 1669 escere.‘·

280 1691 331 1720 Sic
354 1701 436 1720 nunc
459 1691 648 1731 plerumque
671 1691 695 1719 is
719 1690 943 1730 locus-legitur
960 1695 1090 1720 auctore
1103 1689 1253 1718 Pichena.
1298 1688 1371 1731 Quo
1394 1695 1495 1720 tamen
1519 1700 1581 1720 non
1605 1690 1705 1720 solum

128 1732 253 1773 longius
277 1743 293 1762 a
316 1732 386 1761 cod.
408 1733 578 1767 receditur,
601 1732 654 1772 qui
677 1732 779 1769 habet,
798 1731 1023 1771 exspectari
1046 1731 1197 1760 bellum
1220 1741 1304 1761 cum
1323 1730 1361 1760 hi
1391 1730 1455 1770 (vel
1478 1737 1514 1761 ut
1535 1731 1596 1766 alii,
1619 1741 1704 1761 cum

128 1774 191 1811 in)
214 1774 408 1809 victores,
436 1784 545 1803 verum
564 1774 658 1803 etiam
682 1774 836 1804 sententia
859 1773 962 1802 Taciti
984 1783 1105 1813 pessum
1128 1772 1228 1802 datur.
1272 1774 1380 1812 Neque
1403 1774 1497 1808 enim,
1520 1779 1552 1802 ut
1574 1771 1704 1803 historia

129 1815 237 1852 docet,
275 1816 392 1850 exitum
420 1815 497 1845 belli
526 1815 728 1855 exspectabat
751 1815 981 1855 Vespasianus,
1013 1824 1112 1854 neque
1133 1820 1200 1842 tum
1222 1813 1254 1842 id
1277 1812 1431 1853 placebat.
1454 1814 1598 1854 proxime
1622 1813 1705 1843 enim

130 1856 300 1887 docemur:
327 1867 430 1886 amna
454 1857 491 1886 in
514 1857 763 1888 occasionem
788 1857 992 1886 distulere
1014 1856 1034 1885 i.
1049 1866 1073 1885 e.
1087 1855 1204 1884 bellum
1222 1861 1454 1894 exspectavere.
1498 1856 1704 1896 Nequaquam

128 1898 225 1937 igitur
239 1897 335 1928 verba
351 1909 423 1927 sana
440 1899 614 1938 appetenda
631 1905 730 1934 erant,
750 1899 805 1928 sed
819 1898 942 1937 vitiosa,
964 1908 1045 1927 cum
1067 1897 1105 1926 hi
1128 1906 1192 1931 seu,
1217 1906 1301 1926 cum
1323 1897 1359 1925 in
1382 1896 1444 1925 rite
1460 1897 1622 1936 solvenda,
1643 1898 1702 1927 ita:

128 1940 253 1969 Placuit
268 1940 444 1980 exspectari
457 1940 585 1970 bellum.
618 1940 772 1970 Civium
792 1950 809 1969 e
820 1941 896 1969 nim
912 1940 1091 1969 victores
1105 1956 1147 1961 —
1159 1949 1317 1979 nunquam
1326 1937 1426 1966 solida
1435 1937 1498 1968 fide
1511 1939 1702 1968 coalescere.

129 1980 183 2009 Sic
205 1981 299 2021 plane
323 1991 349 2010 c.
373 1981 421 2012 13.
445 1981 514 2011 cod.
545 1982 663 2011 Albin
693 1981 817 2021 scribit,
851 1993 913 2012 non
938 1980 1113 2019 Albium,
1147 1980 1167 2010 i.
1191 1990 1219 2009 e.
1241 1979 1338 2009 Albin
1361 1979 1457 2009 solvit
1477 1980 1615 2018 Albim:
1630 1989 1704 2009 cum

130 2028 214 2051 esset
234 2022 346 2060 Albim
366 2033 447 2052 nunc
469 2033 545 2054 vero
568 2034 691 2053 cmmn
713 2024 808 2053 solvit
831 2033 902 2052 cum
921 2023 962 2057 in,
986 2031 1056 2051 cum
1078 2028 1165 2058 esset,
1195 2024 1355 2051 exutum.
1378 2021 1398 2050 i.
1420 2031 1445 2051 e.
1468 2021 1584 2052 civium
1608 2020 1702 2050 enim.

130 2063 251 2093 Civium
284 2075 380 2103 arma,
422 2065 538 2096 civium
570 2065 665 2105 bella,
706 2075 766 2105 pro
803 2064 899 2095 armis
930 2063 1075 2095 civilibus
1108 2069 1167 2094 etc.
1196 2062 1378 2103 saepissime
1408 2063 1554 2093 Tacitum
1584 2062 1704 2100 dicere,

129 2111 238 2135 notum
271 2113 326 2136 est.
