1794 2318
774 145 826 154 .-
906 122 957 159 18
1036 145 1088 152 .-..

283 245 285 248 .
303 219 410 260 Capite
431 218 576 259 proximo
598 223 709 253 autem,
731 215 780 253 65,
805 216 938 247 verbum
959 225 1053 246 unum
1079 215 1220 256 elapsum
1242 221 1275 246 et
1296 216 1336 246 ita
1359 216 1428 248 fere
1451 217 1621 259 legendum
1640 227 1721 257 esse,

165 262 249 294 Unde
277 270 380 292 aucta
403 260 576 297 a'etnulatio,
605 258 774 298 probatum
797 258 907 288 ivimus
931 268 1012 288 anno
1038 257 1118 288 1537
1146 267 1216 298 pag.
1237 258 1266 287 8.
1309 257 1369 287 [bi
1393 259 1418 288 si
1440 261 1521 289 Ann.
1545 260 1640 298 XIV„
1662 260 1723 300 42,

157 309 266 344 erepta
287 303 392 333 itidem
415 301 508 331 verba
529 301 570 329 ita
591 300 737 340 supplere
760 300 864 331 conati
888 310 1008 337 sumus,
1036 307 1208 338 senatusque
1229 308 1486 339 oppugnat11s;
1523 302 1552 332 in
1576 312 1634 341 qno
1657 303 1721 342 ipso

157 353 236 375 erant
257 345 352 374 studia
375 348 449 379 εἴας
472 341 606 371 fortasse
629 342 759 382 propius
783 341 821 370 ad
845 342 1004 372 veritatem
1020 346 1097 377 erat,
1119 340 1161 369 ita
1174 341 1319 381 suadere,
1340 350 1514 381 senatusque
1536 344 1724 382 obsessus,

157 396 238 427 quae
259 396 320 415 vox
340 384 460 414 facilius
483 393 499 412 a
520 383 736 422 proximorum
760 382 960 412 similitudine
982 381 1101 411 hauriri
1123 388 1279 421 potuerat.
1301 400 1343 406 —-
1364 383 1510 414 Eiusdem
1533 385 1652 424 capitis,
1673 384 1723 421 65,

156 428 186 456 ὶη
209 426 270 456 fine
291 427 385 466 vulgo
405 425 446 455 ita
469 424 566 454 scribi
588 424 740 454 videmus:
765 424 800 454 Si
812 424 939 465 fortuna
960 432 1061 453 contra
1084 424 1172 453 daret.
1206 424 1297 454 Nunc
1319 433 1397 454 vero
1419 425 1588 456 lectionem
1604 425 1723 456 codicis

158 465 266 498 melius
289 467 409 503 edocti,
442 476 522 506 quae
546 472 592 495 est
613 465 775 505 cdraderet,
795 466 944 505 propius,
977 465 1034 494 nisi
1057 463 1166 500 fallor,
1200 465 1301 494 Taciti
1331 476 1457 496 manum
1481 477 1666 508 sequemur,
1697 467 1723 497 si

157 508 354 544 solverimus,
382 509 408 536 si
432 508 555 547 fortuna
580 515 683 537 contra
707 508 828 536 caderet.
857 517 928 536 nam
956 506 993 536 cii
1023 512 1070 535 est
1096 514 1207 536 contra.
1256 506 1342 536 Idem
1371 513 1474 538 tamen
1499 508 1722 549 compendium

156 560 253 580 causa.
295 549 347 578 Sic
367 548 519 588 haberes,
548 550 575 577 si
593 548 618 588 f.
639 558 728 578 causa
747 549 868 578 caderet.
917 548 981 578 Sed
1002 548 1162 577 soi-tunam
1185 557 1279 578 causa
1303 548 1416 580 cadere
1437 550 1582 580 alienum·
1599 549 1638 580 ab
1660 550 1722 580 hoc

156 589 240 621 foret
259 596 379 622 tenore.
421 591 500 620 Nam
521 599 539 619 a
561 600 624 631 quo
645 598 728 619 nuuc
749 588 909 621 fortunam
931 589 1047 619 dixeris
1071 587 1174 620 vinci?

821 673 920 704 nist.
945 674 978 713 1.⁷
1003 674 1053 705 71.

310 743 409 774 Celsus
434 750 598 774 constanter
624 750 754 773 servatae
781 752 850 780 erga
881 742 1006 772 Galbam
1024 740 1100 781 fidei
1132 742 1241 772 crimen
1270 742 1421 784 consessus
1449 742 1616 782 exemplum
1645 744 1721 774 ultro

156 785 316 824 imputavit.
351 784 425 815 'Nec
453 784 530 814 Otho
552 786 636 823 qnasi
658 785 831 822 ignosceret,
864 784 929 820 sed,
962 794 997 813 ne
1026 784 1124 814 hostes
1149 791 1303 821 metueret,
1336 784 1549 814 conciliationis
1576 784 1723 824 adhibens,

156 827 256 855 statim
277 827 349 856 inter
369 828 481 856 amicos
502 827 609 866 habuit,
630 836 667 855 ex
687 835 762 855 mox
785 825 857 855 hello
880 827 952 855 inter
973 825 1057 855 duces
1080 825 1193 862 delegit.

305 883 398 922 Apud
420 883 590 924 plerosque
615 882 714 912 media
737 882 815 912 haec
838 880 934 921 verba
955 891 1038 911 nunc
1060 881 1103 911 ita
1125 879 1320 911 scribuntur:
1348 881 1412 919 sed,
1442 892 1477 912 ne
1497 881 1590 912 hostis
1611 891 1724 915 metum

157 924 394 953 reconciliationis
417 925 568 954 adhiberet.
598 925 631 953 In
655 924 777 964 quibus,
800 931 832 953 ut
855 924 912 953 alia
927 923 1023 953 multa
1038 929 1169 960 taceam,
1190 921 1251 952 hoc
1265 933 1346 952 nuuc
1363 924 1494 953 maxime
1512 924 1724 966 reprehendo,

159 964 243 1004 quod
263 974 280 993 a
300 965 566 995 consentientibus
587 965 731 994 omnibus
754 975 853 1005 paene
868 964 965 1003 libris,
987 975 1066 1006 quos
1082 974 1141 1004 ego
1154 970 1279 994 secutus
1301 975 1378 1002 sum,
1400 964 1580 1006 longissime
1595 965 1721 996 abeunt.

160 1015 230 1034 uam
253 1005 377 1036 codices
401 1006 430 1035 in
453 1006 515 1036 hoc
537 1017 597 1036 uno
620 1013 756 1045 tantum,
781 1013 813 1036 ut
838 1006 977 1039 videtur,
1011 1005 1128 1036 diversi
1150 1011 1237 1044 sunt,
1268 1005 1353 1047 quod
1384 1006 1481 1036 altera
1508 1017 1581 1046 pars
1603 1007 1667 1038 levi
1690 1013 1723 1038 et

159 1045 280 1087 vulgari
302 1057 411 1077 errore
433 1047 536 1083 habet,
557 1056 689 1078 metuere.
733 1050 834 1078 Meam
859 1058 934 1077 vero
958 1046 1126 1077 lectionem
1152 1047 1214 1076 ium
1237 1053 1306 1077 ante
1328 1056 1379 1076 me
1399 1047 1549 1078 &Valther
1570 1049 1723 1089 reposuit,

160 1087 216 1116 sed
243 1098 305 1117 non
333 1095 421 1118 recte
449 1096 494 1119 est
523 1089 755 1129 interpretatus.
804 1090 860 1119 Est
887 1095 991 1118 autem
1021 1088 1188 1128 sententia,
1219 1097 1323 1129 neque
1352 1098 1385 1118 ea
1415 1089 1595 1126 recondita,
1626 1089 1721 1120 haec:

161 1127 247 1158 Otho
267 1129 387 1159 Celsum
411 1142 470 1160 non
494 1132 581 1170 quasi
604 1131 726 1170 culpam
751 1130 779 1160 ei
802 1129 1001 1167 condonaret,
1024 1130 1212 1168 (ignosceret)
1235 1130 1290 1159 sed
1314 1129 1419 1159 verbis
1444 1130 1566 1160 blandis
1588 1132 1722 1172 recepit,

159 1175 188 1199 et
210 1171 295 1210 quasi
317 1170 346 1199 in
361 1170 547 1201 beneficium
560 1173 590 1201 in
607 1181 640 1201 se
652 1171 870 1201 collocandum
885 1177 996 1212 sponte
1011 1172 1097 1200 illum
1114 1171 1275 1200 allectarct
1299 1172 1545 1209 (conciliationem
1559 1173 1721 1213 adhibens).

159 1210 264 1250 Itaque
286 1221 356 1240 eum
377 1211 459 1241 iuter
480 1212 596 1242 amicos
619 1220 650 1242 ct
670 1214 763 1242 duces
787 1213 903 1241 habuit.
946 1213 1035 1241 Ilaec
1058 1212 1184 1253 quidem
1205 1212 1358 1252 simplicia
1382 1215 1500 1250 omnia3
1531 1213 1586 1243 sed
1610 1224 1721 1255 super-

159 1258 229 1281 sunt
256 1252 369 1290 verba,
400 1263 481 1293 quae
509 1260 555 1283 tot
583 1255 736 1284 molestias
761 1253 986 1293 interpretibus
1015 1253 1241 1282 exhibuerunt:
1277 1264 1312 1283 ne
1339 1255 1437 1284 lxostes
1458 1263 1605 1285 metueret.
1659 1255 1721 1287 Sed

159 1292 244 1332 quod
267 1302 375 1324 eorum
398 1295 576 1324 sententiam
601 1297 700 1325 minus
723 1295 982 1336 assequebantur,
1009 1295 1039 1324 in
1063 1304 1154 1324 causa
1178 1301 1260 1334 erat,
1287 1295 1373 1335 quod
1395 1297 1566 1336 genitivum
1589 1298 1721 1327 concilia-

159 1335 247 1364 tionis
266 1339 384 1364 tantum
406 1346 467 1365 non
489 1347 597 1366 omncs
620 1337 700 1366 male
721 1342 918 1376 spreverunt.
962 1337 1019 1366 Est
1041 1343 1143 1366 autem
1167 1335 1218 1366 hic
1243 1346 1343 1366 casus.
1367 1349 1439 1378 quo,
1465 1345 1498 1368 ut
1521 1337 1580 1378 ipsi
1603 1338 1720 1369 indices

158 1381 339 1415 monstrant,
359 1386 451 1406 nemo
473 1388 567 1418 quam
589 1378 715 1408 Tacitus
737 1378 932 1419 frequentius
953 1389 1026 1407 usus
1042 1383 1097 1416 est,
1120 1387 1157 1406 ex
1175 1388 1210 1408 eo
1228 1388 1349 1418 genere,
1373 1379 1401 1408 in
1426 1390 1490 1419 quo
1514 1379 1563 1411 vel
1586 1380 1617 1409 id
1637 1379 1722 1418 addi,

159 1415 246 1446 vela
268 1416 486 1448 Grammaticis
508 1429 610 1455 cansa,
641 1420 722 1456 Ioco,
752 1420 893 1459 suppleri
922 1420 1019 1449 solet:
1048 1420 1260 1449 conciliationis
1289 1420 1352 1450 loco
1375 1421 1520 1450 adhibens.
1565 1420 1639 1466 Quo
1660 1421 1723 1453 rite

157 1456 317 1489 intellecto
339 1459 400 1487 iam
420 1466 528 1499 sponte
546 1460 644 1499 ‘'patet.
665 1472 699 1490 ne
720 1462 815 1490 hostes
838 1469 984 1498 metueret,
1006 1461 1073 1500 ipsa
1096 1471 1165 1490 esse
1180 1462 1315 1491 Othonis
1334 1462 1440 1501 verba,
1464 1461 1578 1503 quibus
1593 1462 1720 1493 Celsum

158 1497 217 1527 sibi
239 1499 459 1529 conciliaturus
482 1498 641 1531 utebaturs
657 1513 726 1531 nam
746 1503 957 1532 conciliationis
978 1513 1066 1532 causa
1089 1503 1224 1532 adhibens
1240 1502 1427 1543 imperfecta
1444 1504 1545 1533 oratio
1561 1510 1616 1541 est,
1636 1513 1721 1545 quae

159 1540 326 1570 accusativi
349 1541 397 1570 vel
420 1542 532 1582 integri
555 1544 710 1573 enunciati
735 1545 996 1584 complementum
1019 1544 1188 1573 desiderat.
1231 1545 1317 1574 Inter
1338 1545 1455 1574 amicos
1470 1545 1566 1585 igitur
1582 1551 1611 1575 et
1622 1544 1720 1576 duces

158 1589 228 1609 eum
250 1583 377 1623 recepit,
399 1594 437 1612 ne
459 1583 564 1613 hostes
588 1592 754 1622 metueret;
777 1586 851 1624 sive,
872 1586 1094 1624 imperatoriae
1116 1586 1238 1616 virtutis
1255 1586 1348 1617 laude
1363 1596 1433 1617 euni
1448 1586 1638 1626 conciliavit,
1658 1597 1720 1628 qua

156 1619 317 1652 Vitellium
339 1624 455 1654 aliosve
477 1625 581 1656 hostes
603 1625 697 1656 facile
718 1633 799 1656 esset
820 1627 1071 1667 propulsaturus.

306 1680 406 1720 Caput
430 1681 470 1712 73
499 1680 538 1711 de
564 1682 691 1712 Galviae
714 1683 911 1723 Crispinillae
935 1682 1087 1722 periculis
1114 1688 1143 1712 et
1164 1682 1304 1722 potentia
1327 1688 1450 1712 tractat.
1494 1683 1526 1712 In
1551 1693 1615 1724 quo
1636 1683 1719 1724 miro

154 1719 251 1750 modo
271 1726 410 1761 tempora
432 1722 556 1753 misceri
577 1723 640 1763 ipse
661 1724 797 1759 videbis3
823 1735 892 1754 nam
915 1729 1131 1764 totum.caput
1143 1724 1351 1764 praelongum
1369 1725 1596 1754 transscribere
1611 1734 1739 1765 super·-

157 1760 262 1791 sedeo.
295 1763 358 1792 Sed
380 1762 465 1793 facili
487 1766 613 1804 negotio
637 1776 701 1795 eam
723 1765 940 1796 difficultatem
956 1765 1209 1805 interpunctione
1222 1766 1348 1801 eximes,
1367 1766 1514 1795 consulari
1527 1767 1717 1797 matrimonio

155 1802 279 1833 subnixa
301 1811 327 1833 et
347 1804 440 1845 (apud
464 1806 601 1843 Galbam,
629 1807 785 1848 Othonem,
812 1808 962 1838 Vitellium
984 1808 1097 1846 illaesa)
1120 1817 1196 1836 mox
1212 1815 1318 1846 potens
1334 1809 1456 1846 pecnnia
1475 1815 1502 1837 et
1523 1809 1645 1838 orbitate
1657 1814 1717 1838 etc.

155 1842 234 1873 Nam
246 1846 318 1884 quia
331 1846 492 1886 periculis,
513 1848 625 1889 quibus
638 1860 698 1879 non
711 1850 778 1879 sine
793 1850 922 1879 adversa
944 1849 1078 1878 Othonis
1093 1847 1174 1877 sama
1191 1847 1442 1887 subtrahebatur,
1465 1849 1568 1878 statim
1583 1848 1717 1890 gratiam

154 1883 289 1915 feminae
312 1887 483 1928 adiungere
504 1889 647 1930 volebat,
679 1891 767 1932 quasi
790 1890 983 1932 postliminio
1006 1889 1134 1931 deinde,
1161 1896 1239 1932 quot
1260 1889 1318 1919 suh
1341 1890 1586 1932 imperatoribus
1608 1891 1718 1929 illaesa

155 1923 276 1967 fuisset,
308 1927 502 1970 interposuit.

801 1993 902 2024 Hist.
929 1993 969 2033 1.,
999 1992 1051 2025 75.

225 2084 232 2092 “
304 2045 440 2087 Utrisque
469 2048 729 2092 [insidiatoribus]
749 2051 867 2092 frustra
886 2051 965 2092 suit,
1005 2049 1168 2081 Vitellianis
1191 2050 1316 2088 impune
1337 2059 1393 2088 per
1418 2057 1533 2079 tantam
1561 2050 1713 2082 hominum

147 2083 358 2146 multitudinem
366 2097 487 2161 dznbutua
511 2092 696 2129 ignoratione
712 2093 902 2134 salletztibus3
943 2092 1105 2123 Othoniani
1130 2092 1260 2122 novitate
1287 2090 1400 2130 voltus,
1429 2092 1565 2128 omnibus
1591 2092 1714 2122 invicem

143 2133 284 2168 bnans,
306 2138 364 2170 pro
418 2139 513 2163 antur.
1555 2149 1561 2155 ·
