1794 2318
734 132 782 138 ..-
864 112 915 147 13
996 135 1044 142 .-

244 213 354 243 llisff.
377 213 462 243 111.
487 219 521 241 ί·-
548 211 619 244 22.
668 214 819 252 „Ax-serat
848 221 880 244 ct
910 222 980 245 ante
1009 215 1197 255 Capitolium
1229 217 1312 246 civili
1341 216 1439 253 bello,
1475 217 1527 247 sed
1557 217 1669 247 fraude

92 255 232 295 privata:
256 263 338 283 nunc
362 253 463 293 palam
487 253 659 292 obsessum,
688 255 789 294 palam
812 257 983 293 incensum,
1014 257 1125 298 quibus
1149 268 1308 287 armorum
1331 257 1450 288 causis?
1479 269 1541 299 quo
1565 266 1668 289 tantae

94 296 193 327 cladis
215 295 341 335 pretio?
384 295 486 331 Stetit,
510 295 664 335 quando
688 307 747 336 pro
771 298 870 336 patria
894 298 1085 328 bellavimus.
1130 300 1267 330 Voverat
1290 300 1508 341 Tarquinius.“

246 347 297 376 Sic
320 356 394 386 ego,
431 346 589 386 quando
618 346 824 387 interposito,
857 349 941 379 hunc
965 351 1068 380 locum
1091 352 1256 391 corrigam.
1300 353 1347 380 Ac
1371 352 1464 381 facile
1492 352 1667 392 quando,

95 393 170 431 qu'o'
190 389 351 428 scriptum,
374 387 424 417 vel
447 394 580 433 propter
602 388 768 429 insequens
791 401 876 430 pro,
902 392 950 420 vel
965 393 1036 432 quia
1052 393 1194 431 proxime
1210 400 1415 432 processerat,
1437 404 1540 433 „quo
1564 400 1668 423 tantae

95 430 212 461 cladis“
234 438 381 469 tanquam
405 429 515 458 vitiosa
540 430 684 469 repetitio
709 432 852 461 excidere
876 433 925 461 vel
952 433 1057 462 induci
1080 440 1214 473 poterat.
1259 435 1360 474 Digna
1384 445 1461 465 vero
1476 435 1552 465 haec
1568 435 1667 465 Taciti

93 473 221 513 ingenio
246 470 416 506 meditatio,
439 471 572 509 stetisse,
596 472 761 512 antequam
785 473 815 501 in
837 473 940 503 civilia
965 475 1045 504 bella
1067 482 1097 504 et
1112 486 1237 505 suorum
1255 476 1384 505 caedem
1399 484 1534 514 ruerent,
1556 477 1666 516 pignus

93 514 171 544 illud
201 513 334 543 Romani
366 512 500 551 imperii.
552 513 661 553 ltaque
691 513 756 543 deis
786 521 919 555 propter
949 517 1064 545 civium
1086 528 1171 546 arma
1195 518 1281 547 iratis
1306 518 1366 547 iam
1390 524 1460 547 ante
1490 524 1667 552 arserat,

93 565 197 585 nunc
227 561 318 584 aucto
346 553 453 583 surore
482 554 609 593 palam
646 555 819 585 incensum!
871 557 952 586 Hinc
990 565 1053 597 est,
1095 559 1177 599 quod
1212 560 1329 599 pergit:
1364 561 1509 598 „Curam
1533 560 1666 589 victor

93 596 255 638 [civiuml]
299 595 387 625 Sulla
416 596 570 635 suscepit;
605 606 702 636 neque
730 603 835 626 tamen
865 599 1036 629 dedicavit:
1081 599 1155 629 hoc
1189 602 1315 629 solum
1350 600 1545 630 felicitati
1581 602 1666 630 eius

94 647 287 679 negatum.
345 637 497 666 Lu'tatii
529 638 663 666 Catuli
698 649 833 668 nomen
863 657 902 662 —
931 650 1032 681 usque
1060 641 1099 670 ad
1129 642 1287 672 Vitellium
1318 642 1459 671 mansit.“
1522 642 1666 678 Videsne,

94 691 189 721 quam
212 680 287 708 illuc
312 678 414 708 onmia
437 678 634 708 referantur?
664 680 837 710 Commode
860 691 938 711 vero
960 682 1018 711 hac
1044 684 1196 712 sententia
1220 684 1342 713 reditur
1363 684 1447 723 illuc,
1468 684 1550 713 unde.
1567 683 1666 713 omnis

94 722 175 752 haec
204 721 305 751 oratio
334 729 460 759 egressa
481 726 564 749 erat:
591 722 663 760 „Sic
685 722 873 761 Capitolium
904 741 945 746 ——
980 723 1185 764 conflagravit
1218 743 1258 748 -—
1292 725 1379 754 nullo
1410 733 1538 755 externo
1566 725 1667 763 hoste,

94 763 305 803 propitiis,
339 762 371 790 si
400 771 469 800 per
495 772 624 792 mores
653 770 814 793 nostros
834 765 1000 804 liceret,
1028 766 1148 801 deis&4
1186 776 1289 807 neque
1314 767 1414 795 minus
1438 767 1604 795 commode
1626 766 1664 794 ab

94 805 157 835 hoc
187 804 306 845 gemitu
336 802 374 831 ad
403 802 530 833 brevem
560 804 670 843 templi
699 804 862 834 historiam
891 808 1056 838 transitur:
1086 808 1249 846 „Voverat
1271 808 1486 848 Tarquiffiusst‘
1529 808 1667 836 Adiuvat

94 847 186 877 etiam
219 844 454 886 quodammodo
491 845 706 876 coniecturam
743 847 859 877 codicis
892 848 971 878 haec
1008 848 1181 879 verborum
1217 849 1343 880 divisio:
1393 849 1516 888 „cladis
1552 849 1666 889 pretio.

95 888 197 918 Stetit.
220 898 279 927 pro
303 886 425 926 patriast
451 892 508 915 ete.

246 939 353 969 nist.
370 938 457 967 ΙΙΙ.
482 947 516 968 c.
530 937 606 970 86.
649 939 887 979 „Principatum
905 942 1032 971 eidem
1055 943 1202 978 tulere,
1225 942 1278 983 qui
1292 943 1392 982 ipsum
1408 954 1468 972 non
1482 944 1665 972 noverant.“

94 983 168 1011 Hoc
189 980 275 1022 quod
299 990 407 1009 omnes
430 979 504 1008 libri
528 980 679 1014 referunt,
704 981 799 1010 nolim
823 985 935 1022 sperni.
959 985 1086 1014 eidem
1108 985 1224 1014 saeculi
1246 994 1335 1014 more
1359 984 1535 1014 defenditur
1557 990 1588 1012 et
1603 983 1665 1013 loci

93 1031 222 1059 natura3
246 1028 293 1052 est
315 1021 410 1051 enim:
434 1021 643 1062 principatum
658 1023 761 1052 'etiam
784 1024 811 1053 ei
832 1025 941 1056 tulere.

585 1119 808 1149 Historiam
847 1120 971 1150 Liber
1010 1129 1186 1162 quartus.

247 1183 357 1214 nist.
380 1183 454 1215 IV.
484 1191 517 1214 c.
539 1181 582 1214 4.
626 1181 745 1221 „Multo
773 1192 843 1211 cum
873 1181 994 1213 honore
1020 1183 1192 1214 verborum
1221 1184 1367 1214 Muciano
1397 1183 1596 1223 triumphalia
1625 1184 1664 1213 de

93 1225 181 1256 hello
203 1225 385 1255 civilium
409 1226 509 1254 data.“

247 1278 441 1318 Plerumque
464 1276 588 1307 'civili
619 1277 795 1316 corrigunt3
829 1276 884 1306 sed
906 1276 1001 1315 magis
1024 1275 1205 1315 probabile,
1238 1276 1400 1306 librarium
1429 1276 1459 1305 in
1483 1282 1664 1306 consuetam

94 1318 174 1348 hanc
197 1318 322 1355 dicendi
347 1319 480 1348 formam
504 1318 667 1358 delapsum
691 1318 802 1348 deinde
822 1328 855 1347 se
878 1319 1062 1355 correxisse,
1090 1324 1124 1347 ut
1147 1319 1311 1358 expunctis
1334 1318 1362 1347 il
1385 1318 1486 1348 Taciti
1509 1319 1664 1358 scriptura

93 1360 340 1400 relinqueretur,
363 1362 395 1389 ci
406 1361 438 1390 vi
448 1371 515 1389 um.

246 1413 358 1444 lbid.
401 1412 482 1451 „Ubi
506 1412 544 1441 ad
567 1412 750 1442 Helvidium
773 1412 916 1440 Priscum
939 1416 1116 1450 praetorem
1141 1410 1332 1448 designatum
1351 1417 1488 1445 ventum,
1510 1410 1665 1451 prompsit

93 1452 292 1492 sententiam,
327 1460 360 1484 ut
381 1453 591 1484 honorificum
614 1454 645 1483 in
667 1454 785 1483 bonum
807 1452 1002 1493 principem3
1044 1452 1120 1482 falsa
1144 1451 1283 1481 aberant.
1336 1454 1376 1482 Et
1405 1452 1515 1482 studiis
1541 1459 1663 1482 senatus

94 1494 325 1525 attollebatur&

246 1546 298 1575 Sic
322 1547 430 1586 codd.;
453 1554 484 1577 et
504 1548 608 1579 omnia
630 1555 714 1578 recte
726 1546 851 1586 habent,
873 1546 898 1575 si
916 1551 1001 1576 recte
1021 1545 1196 1575 orationem
1217 1545 1337 1575 dividas
1354 1551 1383 1575 et
1397 1545 1544 1585 explices.
1588 1546 1664 1575 Nam

95 1592 135 1616 ut
164 1594 212 1617 est
240 1588 363 1618 velut.
413 1590 607 1619 Sententiam
632 1589 790 1629 prompsit
812 1589 892 1618 velut
913 1586 1128 1616 honorificam.
1172 1587 1271 1626 Supra
1291 1587 1350 1615 iam
1374 1587 1521 1625 vidimus,
1550 1593 1590 1616 ut
1611 1598 1664 1616 sua

95 1628 128 1657 vi
154 1639 251 1669 saepe
281 1641 296 1658 a
321 1631 432 1660 Tacito
461 1631 577 1668 omitti,
609 1631 634 1660 si
661 1630 808 1666 addatur,
843 1640 901 1670 pro
931 1629 1047 1658 veluti
1069 1635 1120 1657 aut
1143 1629 1437 1668 etiamtanquam
1460 1628 1543 1668 poni.
1587 1629 1664 1657 Eam

94 1680 173 1700 vero
197 1672 367 1701 sententiae
390 1673 637 1713 descriptionem
658 1679 691 1701 ut
709 1678 794 1702 recte
815 1672 927 1711 capias,
950 1670 1012 1699 duo
1034 1669 1159 1699 tenenda
1175 1677 1255 1699 sunt.
1298 1670 1453 1708 Alterum,
1476 1669 1664 1704 Helvidium,

95 1711 233 1752 rigidum
257 1713 379 1742 virtutis
400 1715 571 1753 satellitem,
594 1713 699 1743 verbis
723 1723 788 1742 esse
811 1724 901 1742 usum
926 1712 1045 1751 asperis
1065 1720 1171 1751 neque
1194 1721 1231 1740 ex
1254 1721 1343 1740 more
1367 1711 1484 1740 saeculi
1507 1711 1535 1739 in
1561 1711 1664 1739 adula-

96 1753 215 1783 tionem
240 1753 381 1791 detlexis3
405 1756 550 1790 alterum,
572 1755 716 1784 Tacitum
738 1755 805 1783 ‘eius
829 1754 886 1783 viri
911 1763 979 1783 esse
1008 1752 1241 1781 admiratorem.
1285 1752 1486 1791 Eranigitur
1514 1752 1664 1781 sententia

95 1794 175 1830 talis,
208 1796 333 1836 qualem
358 1796 460 1826 bonus
484 1798 642 1836 princeps,
671 1802 699 1826 et
721 1796 773 1837 qui
793 1795 931 1824 Helvidii
955 1794 1115 1834 asperitati
1139 1795 1267 1833 placere
1291 1799 1430 1832 cuperet,
1459 1793 1664 1822 honorificam

95 1842 208 1876 putare
238 1837 383 1867 debebat.
435 1839 498 1869 Alii
526 1848 618 1873 vero,
654 1838 707 1878 qui
737 1837 852 1866 saeculi
881 1846 982 1865 mores
1008 1836 1178 1871 novissent,
1213 1835 1272 1863 alio
1297 1844 1389 1864 sensu
1412 1844 1447 1863 ac
1470 1834 1664 1863 subridentes

96 1877 209 1907 velut
238 1878 445 1908 honorificam
471 1890 536 1909 eam
559 1879 747 1908 iudicabant.
798 1878 924 1906 Tacitus
946 1883 1056 1906 contra
1081 1887 1149 1905 eam
1172 1876 1402 1915 simplicitatem
1425 1881 1453 1905 et
1476 1876 1572 1904 laudis
1595 1886 1664 1914 par-

97 1919 264 1948 cimoniam
295 1920 482 1950 defensurus
511 1921 598 1950 addit
626 1921 799 1960 explicans:
841 1918 945 1948 falsa
980 1918 1156 1947 aberant.
1217 1919 1280 1947 Nos
1317 1917 1510 1946 diceremus:
1544 1926 1663 1955 nempe,

96 1959 206 1990 falsam
236 1962 360 1991 laudem
391 1963 506 1992 nullam
538 1962 764 1998 admiscuerat3
799 1960 829 1989 id
856 1961 1016 2000 plerisque
1042 1971 1057 1989 a
1087 1958 1333 1999 reprehensione
1354 1969 1414 1988 non
1439 1958 1528 1997 longe
1550 1957 1664 1986 distare

95 2001 274 2032 videbatur.
324 2003 407 2033 Hinc
431 2004 532 2034 studia
555 2010 731 2033 senatorum
755 2002 923 2042 intelliges,
959 2001 1012 2041 qui
1035 2011 1071 2030 ea
1094 2000 1234 2031 libertate
1256 1999 1334 2039 oris,
1365 2000 1423 2039 ipsi
1446 1999 1516 2036 tuti,
1550 1998 1664 2039 gaude-

93 2043 182 2073 bant.
224 2044 259 2073 Id
290 2045 386 2085 igitur
408 2046 561 2075 iudicium
583 2045 622 2074 ab
646 2044 855 2084 explicatione
877 2043 979 2072 Taciti
1002 2043 1093 2082 plena
1117 2041 1318 2071 distinctione
1341 2047 1406 2070 erat
1425 2040 1663 2079 seiungendum:

95 2085 145 2114 Et
167 2085 313 2115 studiis
338 2095 502 2117 senatus
527 2086 813 2116 attollebatur.
858 2084 1014 2116 Videntur
1037 2084 1132 2125 igitur
1154 2093 1191 2112 ea
1215 2089 1337 2111 senatus
1363 2081 1461 2111 studia
1484 2081 1663 2111 Helvidium

94 2125 127 2155 in
149 2128 311 2167 asperiora
335 2128 426 2158 etiam
448 2128 548 2160 verba
571 2128 724 2159 extulisse.
768 2128 868 2156 Erant
890 2126 982 2164 enim,
1008 2132 1043 2155 ut
1065 2126 1187 2162 scimus,
1210 2123 1310 2152 Stoici
1332 2123 1460 2164 gloriae,
1488 2122 1543 2152 sed
1565 2132 1664 2158 verae,

1177 2175 1262 2217 (3*)
