<?xml version="1.0" encoding="UTF-8"?>
<!DOCTYPE html PUBLIC "-//W3C//DTD XHTML 1.0 Transitional//EN"
    "http://www.w3.org/TR/xhtml1/DTD/xhtml1-transitional.dtd">
<html xmlns="http://www.w3.org/1999/xhtml" xml:lang="en" lang="en">
 <head>
  <title>
</title>
<meta http-equiv="Content-Type" content="text/html;charset=utf-8" />
  <meta name='ocr-system' content='tesseract 3.04.00' />
  <meta name='ocr-capabilities' content='ocr_page ocr_carea ocr_par ocr_line ocrx_word'/>
</head>
<body>
  <div class='ocr_page' id='page_1' title='image "./observationesad00jacouoft_0065.png"; bbox 0 0 1794 2318; ppageno 0'>
   <div class='ocr_carea' id='block_1_1' title="bbox 716 118 1030 154">
    <p class='ocr_par' dir='ltr' id='par_1_1' title="bbox 716 118 1030 154">
     <span class='ocr_line' id='line_1_1' title="bbox 716 118 1030 154; baseline 0.003 -8"><span class='ocrx_word' id='word_1_1' title='bbox 716 140 764 146; x_wconf 74' lang='grc'><strong>..-</strong></span> <span class='ocrx_word' id='word_1_2' title='bbox 846 118 899 154; x_wconf 78' lang='lat'><strong>25</strong></span> <span class='ocrx_word' id='word_1_3' title='bbox 978 141 1030 147; x_wconf 84' lang='lat'><strong>—</strong></span> 
     </span>
    </p>
   </div>
   <div class='ocr_carea' id='block_1_2' title="bbox 306 149 320 160">
    <p class='ocr_par' dir='ltr' id='par_1_2' title="bbox 306 149 320 160">
     <span class='ocr_line' id='line_1_2' title="bbox 306 149 320 160; baseline 0 0"><span class='ocrx_word' id='word_1_4' title='bbox 306 149 320 160; x_wconf 52' lang='lat' dir='ltr'>s</span> 
     </span>
    </p>
   </div>
   <div class='ocr_carea' id='block_1_3' title="bbox 82 217 1660 499">
    <p class='ocr_par' dir='ltr' id='par_1_3' title="bbox 82 217 1660 499">
     <span class='ocr_line' id='line_1_3' title="bbox 85 217 1660 263; baseline 0.008 -17"><span class='ocrx_word' id='word_1_5' title='bbox 85 217 276 258; x_wconf 75' lang='lat' dir='ltr'><strong>praesertim</strong></span> <span class='ocrx_word' id='word_1_6' title='bbox 297 226 370 247; x_wconf 89' lang='lat' dir='ltr'><strong>cum</strong></span> <span class='ocrx_word' id='word_1_7' title='bbox 392 217 574 259; x_wconf 85' lang='lat' dir='ltr'><strong>signatus</strong></span> <span class='ocrx_word' id='word_1_8' title='bbox 595 219 690 249; x_wconf 82' lang='lat' dir='ltr'><strong>etiam</strong></span> <span class='ocrx_word' id='word_1_9' title='bbox 713 221 859 252; x_wconf 85' lang='lat' dir='ltr'><strong>sestertio</strong></span> <span class='ocrx_word' id='word_1_10' title='bbox 882 222 954 252; x_wconf 80' lang='lat' dir='ltr'><strong>satis</strong></span> <span class='ocrx_word' id='word_1_11' title='bbox 979 229 1089 263; x_wconf 82' lang='lat' dir='ltr'><strong>argute</strong></span> <span class='ocrx_word' id='word_1_12' title='bbox 1112 222 1243 253; x_wconf 84' lang='lat' dir='ltr'><strong>dicatur.</strong></span> <span class='ocrx_word' id='word_1_13' title='bbox 1286 224 1350 254; x_wconf 83' lang='lat' dir='ltr'><strong>Sed</strong></span> <span class='ocrx_word' id='word_1_14' title='bbox 1374 224 1435 255; x_wconf 88' lang='lat' dir='ltr'><strong>hoc</strong></span> <span class='ocrx_word' id='word_1_15' title='bbox 1460 226 1530 256; x_wconf 90' lang='lat' dir='ltr'><strong>vide</strong></span> <span class='ocrx_word' id='word_1_16' title='bbox 1553 228 1660 259; x_wconf 80' lang='lat' dir='ltr'><strong>eadem</strong></span> 
     </span>
     <span class='ocr_line' id='line_1_4' title="bbox 82 259 1660 308; baseline 0.008 -21"><span class='ocrx_word' id='word_1_17' title='bbox 82 262 114 289; x_wconf 89' lang='lat' dir='ltr'><strong>in</strong></span> <span class='ocrx_word' id='word_1_18' title='bbox 141 259 292 299; x_wconf 71' lang='lat' dir='ltr'><strong>oratione,</strong></span> <span class='ocrx_word' id='word_1_19' title='bbox 313 269 394 289; x_wconf 82' lang='lat' dir='ltr'><strong>anne</strong></span> <span class='ocrx_word' id='word_1_20' title='bbox 416 259 495 290; x_wconf 89' lang='lat' dir='ltr'><strong>bene</strong></span> <span class='ocrx_word' id='word_1_21' title='bbox 519 261 626 292; x_wconf 80' lang='lat' dir='ltr'><strong>cadat:</strong></span> <span class='ocrx_word' id='word_1_22' title='bbox 650 263 791 302; x_wconf 73' lang='lat' dir='ltr'><strong>„Invenit</strong></span> <span class='ocrx_word' id='word_1_23' title='bbox 814 264 906 293; x_wconf 80' lang='lat' dir='ltr'><strong>etiam</strong></span> <span class='ocrx_word' id='word_1_24' title='bbox 930 266 1071 295; x_wconf 87' lang='lat' dir='ltr'><strong>aemulos</strong></span> <span class='ocrx_word' id='word_1_25' title='bbox 1094 264 1204 295; x_wconf 83' lang='lat' dir='ltr'>infelix</span> <span class='ocrx_word' id='word_1_26' title='bbox 1226 267 1380 307; x_wconf 69' lang='lat' dir='ltr'><strong>nequitia:</strong></span> <span class='ocrx_word' id='word_1_27' title='bbox 1406 268 1480 308; x_wconf 87' lang='lat' dir='ltr'><strong>quid</strong></span> <span class='ocrx_word' id='word_1_28' title='bbox 1503 269 1528 298; x_wconf 92' lang='lat' dir='ltr'><strong>si</strong></span> <span class='ocrx_word' id='word_1_29' title='bbox 1550 268 1660 301; x_wconf 85' lang='lat' dir='ltr'><strong>floreat</strong></span> 
     </span>
     <span class='ocr_line' id='line_1_5' title="bbox 82 301 1659 348; baseline 0.006 -17"><span class='ocrx_word' id='word_1_30' title='bbox 82 301 271 342; x_wconf 84' lang='lat' dir='ltr'>vigeatque?</span> <span class='ocrx_word' id='word_1_31' title='bbox 307 308 337 332; x_wconf 85' lang='lat' dir='ltr'><strong>et</strong></span> <span class='ocrx_word' id='word_1_32' title='bbox 367 311 461 342; x_wconf 89' lang='lat' dir='ltr'><strong>quem</strong></span> <span class='ocrx_word' id='word_1_33' title='bbox 498 302 599 332; x_wconf 86' lang='lat' dir='ltr'><strong>adhuc</strong></span> <span class='ocrx_word' id='word_1_34' title='bbox 632 305 846 344; x_wconf 82' lang='lat' dir='ltr'><strong>quaestorium</strong></span> <span class='ocrx_word' id='word_1_35' title='bbox 879 305 1040 336; x_wconf 79' lang='lat' dir='ltr'><strong>offendere</strong></span> <span class='ocrx_word' id='word_1_36' title='bbox 1075 316 1147 336; x_wconf 90' lang='lat' dir='ltr'><strong>non</strong></span> <span class='ocrx_word' id='word_1_37' title='bbox 1184 307 1383 347; x_wconf 79' lang='lat' dir='ltr'><strong>audemus⁷</strong></span> <span class='ocrx_word' id='word_1_38' title='bbox 1422 317 1602 348; x_wconf 77' lang='lat' dir='ltr'>praetorem</span> <span class='ocrx_word' id='word_1_39' title='bbox 1630 318 1659 341; x_wconf 80' lang='lat' dir='ltr'><strong>et</strong></span> 
     </span>
     <span class='ocr_line' id='line_1_6' title="bbox 83 343 1657 394; baseline 0.007 -23"><span class='ocrx_word' id='word_1_40' title='bbox 83 343 286 373; x_wconf 82' lang='lat' dir='ltr'><strong>consularem</strong></span> <span class='ocrx_word' id='word_1_41' title='bbox 316 343 452 372; x_wconf 83' lang='lat' dir='ltr'><strong>ausuri</strong></span> <span class='ocrx_word' id='word_1_42' title='bbox 482 343 627 373; x_wconf 67' lang='lat' dir='ltr'><strong>sumus?²‘</strong></span> <span class='ocrx_word' id='word_1_43' title='bbox 672 346 720 374; x_wconf 90' lang='lat' dir='ltr'><strong>Ac</strong></span> <span class='ocrx_word' id='word_1_44' title='bbox 739 352 842 376; x_wconf 84' lang='lat' dir='ltr'><strong>tamen</strong></span> <span class='ocrx_word' id='word_1_45' title='bbox 873 348 965 377; x_wconf 87' lang='lat' dir='ltr'><strong>codd.</strong></span> <span class='ocrx_word' id='word_1_46' title='bbox 991 347 1110 377; x_wconf 81' lang='lat' dir='ltr'><strong>habent</strong></span> <span class='ocrx_word' id='word_1_47' title='bbox 1138 349 1272 378; x_wconf 81' lang='lat' dir='ltr'><strong>visuri.</strong></span> <span class='ocrx_word' id='word_1_48' title='bbox 1316 350 1376 379; x_wconf 88' lang='lat' dir='ltr'><strong>Sed</strong></span> <span class='ocrx_word' id='word_1_49' title='bbox 1400 358 1507 390; x_wconf 82' lang='lat' dir='ltr'><strong>aperte</strong></span> <span class='ocrx_word' id='word_1_50' title='bbox 1530 353 1571 381; x_wconf 87' lang='lat' dir='ltr'><strong>ita</strong></span> <span class='ocrx_word' id='word_1_51' title='bbox 1594 364 1657 394; x_wconf 89' lang='lat' dir='ltr'><strong>quo</strong></span> 
     </span>
     <span class='ocr_line' id='line_1_7' title="bbox 82 383 1659 431; baseline 0.007 -18"><span class='ocrx_word' id='word_1_52' title='bbox 82 395 146 414; x_wconf 89' lang='lat' dir='ltr'><strong>non</strong></span> <span class='ocrx_word' id='word_1_53' title='bbox 170 383 309 414; x_wconf 85' lang='lat' dir='ltr'><strong>debebat</strong></span> <span class='ocrx_word' id='word_1_54' title='bbox 332 385 511 414; x_wconf 82' lang='lat' dir='ltr'><strong>declinatur</strong></span> <span class='ocrx_word' id='word_1_55' title='bbox 534 387 690 416; x_wconf 84' lang='lat' dir='ltr'><strong>sententia.</strong></span> <span class='ocrx_word' id='word_1_56' title='bbox 735 389 873 420; x_wconf 90' lang='lat' dir='ltr'><strong>Visuri</strong></span> <span class='ocrx_word' id='word_1_57' title='bbox 897 389 979 418; x_wconf 88' lang='lat' dir='ltr'><strong>enim</strong></span> <span class='ocrx_word' id='word_1_58' title='bbox 1004 399 1057 420; x_wconf 89' lang='lat' dir='ltr'><strong>cos</strong></span> <span class='ocrx_word' id='word_1_59' title='bbox 1080 389 1294 431; x_wconf 77' lang='lat' dir='ltr'><strong>reprehendit,</strong></span> <span class='ocrx_word' id='word_1_60' title='bbox 1317 392 1368 431; x_wconf 86' lang='lat' dir='ltr'><strong>qui</strong></span> <span class='ocrx_word' id='word_1_61' title='bbox 1382 402 1449 421; x_wconf 85' lang='lat' dir='ltr'><strong>eum</strong></span> <span class='ocrx_word' id='word_1_62' title='bbox 1462 393 1512 422; x_wconf 83' lang='lat' dir='ltr'><strong>vel</strong></span> <span class='ocrx_word' id='word_1_63' title='bbox 1525 392 1659 424; x_wconf 87' lang='lat' dir='ltr'><strong>fecerint</strong></span> 
     </span>
     <span class='ocr_line' id='line_1_8' title="bbox 83 427 1657 477; baseline 0.006 -21"><span class='ocrx_word' id='word_1_64' title='bbox 83 427 261 464; x_wconf 78' lang='lat' dir='ltr'><strong>consulem,</strong></span> <span class='ocrx_word' id='word_1_65' title='bbox 302 427 353 456; x_wconf 82' lang='lat' dir='ltr'><strong>vel</strong></span> <span class='ocrx_word' id='word_1_66' title='bbox 383 427 508 465; x_wconf 88' lang='lat' dir='ltr'><strong>passuri</strong></span> <span class='ocrx_word' id='word_1_67' title='bbox 545 427 606 457; x_wconf 85' lang='lat' dir='ltr'><strong>sint</strong></span> <span class='ocrx_word' id='word_1_68' title='bbox 644 428 729 470; x_wconf 81' lang='lat' dir='ltr'><strong>fieri,</strong></span> <span class='ocrx_word' id='word_1_69' title='bbox 772 441 834 470; x_wconf 86' lang='lat' dir='ltr'><strong>non</strong></span> <span class='ocrx_word' id='word_1_70' title='bbox 863 431 1035 470; x_wconf 80' lang='lat' dir='ltr'><strong>potentiam</strong></span> <span class='ocrx_word' id='word_1_71' title='bbox 1064 438 1095 461; x_wconf 85' lang='lat' dir='ltr'><strong>et</strong></span> <span class='ocrx_word' id='word_1_72' title='bbox 1123 432 1271 462; x_wconf 78' lang='lat' dir='ltr'><strong>malitiam</strong></span> <span class='ocrx_word' id='word_1_73' title='bbox 1302 432 1454 463; x_wconf 85' lang='lat' dir='ltr'><strong>describit</strong></span> <span class='ocrx_word' id='word_1_74' title='bbox 1478 435 1559 475; x_wconf 71' lang='lat' dir='ltr'><strong>eius,</strong></span> <span class='ocrx_word' id='word_1_75' title='bbox 1602 436 1657 477; x_wconf 89' lang='lat' dir='ltr'><strong>qui</strong></span> 
     </span>
     <span class='ocr_line' id='line_1_9' title="bbox 82 467 639 499; baseline 0.004 -2"><span class='ocrx_word' id='word_1_76' title='bbox 82 478 165 497; x_wconf 90' lang='lat' dir='ltr'><strong>nunc</strong></span> <span class='ocrx_word' id='word_1_77' title='bbox 188 467 380 498; x_wconf 77' lang='lat' dir='ltr'><strong>evertendus</strong></span> <span class='ocrx_word' id='word_1_78' title='bbox 403 476 450 498; x_wconf 90' lang='lat' dir='ltr'><strong>est</strong></span> <span class='ocrx_word' id='word_1_79' title='bbox 472 468 639 499; x_wconf 85' lang='lat' dir='ltr'><strong>infirmior.</strong></span> 
     </span>
    </p>
   </div>
   <div class='ocr_carea' id='block_1_4' title="bbox 80 521 1656 853">
    <p class='ocr_par' dir='ltr' id='par_1_4' title="bbox 83 521 1655 604">
     <span class='ocr_line' id='line_1_10' title="bbox 233 521 1655 565; baseline 0.004 -14"><span class='ocrx_word' id='word_1_80' title='bbox 233 521 347 552; x_wconf 82' lang='lat' dir='ltr'><strong>lbid.</strong></span> <span class='ocrx_word' id='word_1_81' title='bbox 392 522 482 562; x_wconf 80' lang='lat' dir='ltr'><strong>„Non</strong></span> <span class='ocrx_word' id='word_1_82' title='bbox 506 523 651 552; x_wconf 84' lang='lat' dir='ltr'><strong>timemus</strong></span> <span class='ocrx_word' id='word_1_83' title='bbox 674 523 918 562; x_wconf 77' lang='lat' dir='ltr'><strong>Vespasianum3</strong></span> <span class='ocrx_word' id='word_1_84' title='bbox 947 534 981 554; x_wconf 90' lang='lat' dir='ltr'><strong>ea</strong></span> <span class='ocrx_word' id='word_1_85' title='bbox 1004 525 1154 565; x_wconf 86' lang='lat' dir='ltr'><strong>principis</strong></span> <span class='ocrx_word' id='word_1_86' title='bbox 1178 532 1271 563; x_wconf 79' lang='lat' dir='ltr'><strong>aetas,</strong></span> <span class='ocrx_word' id='word_1_87' title='bbox 1303 536 1339 555; x_wconf 80' lang='lat' dir='ltr'><strong>ea</strong></span> <span class='ocrx_word' id='word_1_88' title='bbox 1363 526 1548 557; x_wconf 81' lang='lat' dir='ltr'><strong>moderatio.</strong></span> <span class='ocrx_word' id='word_1_89' title='bbox 1591 529 1655 559; x_wconf 88' lang='lat' dir='ltr'><strong>Sed</strong></span> 
     </span>
     <span class='ocr_line' id='line_1_11' title="bbox 83 563 810 604; baseline 0.003 -12"><span class='ocrx_word' id='word_1_90' title='bbox 83 563 199 593; x_wconf 88' lang='lat' dir='ltr'><strong>diutius</strong></span> <span class='ocrx_word' id='word_1_91' title='bbox 221 563 337 593; x_wconf 82' lang='lat' dir='ltr'><strong>durant</strong></span> <span class='ocrx_word' id='word_1_92' title='bbox 362 563 515 603; x_wconf 73' lang='lat' dir='ltr'><strong>exempla,</strong></span> <span class='ocrx_word' id='word_1_93' title='bbox 538 575 630 604; x_wconf 86' lang='lat' dir='ltr'><strong>quam</strong></span> <span class='ocrx_word' id='word_1_94' title='bbox 652 564 810 595; x_wconf 76' lang='lat' dir='ltr'><strong>moreS.“</strong></span> 
     </span>
    </p>

    <p class='ocr_par' dir='ltr' id='par_1_5' title="bbox 80 605 1656 853">
     <span class='ocr_line' id='line_1_12' title="bbox 235 605 1656 650; baseline 0.004 -16"><span class='ocrx_word' id='word_1_95' title='bbox 235 605 404 645; x_wconf 78' lang='lat' dir='ltr'><strong>Corrigunt</strong></span> <span class='ocrx_word' id='word_1_96' title='bbox 427 612 623 635; x_wconf 85' lang='lat' dir='ltr'><strong>auctores.</strong></span> <span class='ocrx_word' id='word_1_97' title='bbox 667 606 731 634; x_wconf 86' lang='lat' dir='ltr'><strong>Sed</strong></span> <span class='ocrx_word' id='word_1_98' title='bbox 753 606 829 635; x_wconf 88' lang='lat' dir='ltr'>nihil</span> <span class='ocrx_word' id='word_1_99' title='bbox 854 616 991 637; x_wconf 89' lang='lat' dir='ltr'><strong>neccsse.</strong></span> <span class='ocrx_word' id='word_1_100' title='bbox 1034 608 1112 636; x_wconf 79' lang='lat' dir='ltr'><strong>Nam</strong></span> <span class='ocrx_word' id='word_1_101' title='bbox 1135 608 1290 637; x_wconf 77' lang='lat' dir='ltr'><strong>sententia</strong></span> <span class='ocrx_word' id='word_1_102' title='bbox 1311 608 1420 637; x_wconf 83' lang='lat' dir='ltr'><strong>eadem</strong></span> <span class='ocrx_word' id='word_1_103' title='bbox 1441 616 1553 645; x_wconf 79' lang='lat' dir='ltr'><strong>manet,</strong></span> <span class='ocrx_word' id='word_1_104' title='bbox 1577 621 1656 650; x_wconf 86' lang='lat' dir='ltr'><strong>quae</strong></span> 
     </span>
     <span class='ocr_line' id='line_1_13' title="bbox 82 646 1656 687; baseline 0.004 -12"><span class='ocrx_word' id='word_1_105' title='bbox 82 647 112 676; x_wconf 90' lang='lat' dir='ltr'><strong>in</strong></span> <span class='ocrx_word' id='word_1_106' title='bbox 135 646 235 676; x_wconf 84' lang='lat' dir='ltr'><strong>breve</strong></span> <span class='ocrx_word' id='word_1_107' title='bbox 259 646 422 683; x_wconf 72' lang='lat' dir='ltr'><strong>conclusa,</strong></span> <span class='ocrx_word' id='word_1_108' title='bbox 460 654 490 676; x_wconf 84' lang='lat' dir='ltr'><strong>ut</strong></span> <span class='ocrx_word' id='word_1_109' title='bbox 514 647 628 676; x_wconf 76' lang='lat' dir='ltr'><strong>omissa</strong></span> <span class='ocrx_word' id='word_1_110' title='bbox 652 653 739 677; x_wconf 83' lang='lat' dir='ltr'><strong>recte</strong></span> <span class='ocrx_word' id='word_1_111' title='bbox 764 648 983 686; x_wconf 69' lang='lat' dir='ltr'>suppleantur,</span> <span class='ocrx_word' id='word_1_112' title='bbox 1018 649 1165 687; x_wconf 79' lang='lat' dir='ltr'><strong>postulat.</strong></span> <span class='ocrx_word' id='word_1_113' title='bbox 1216 649 1314 679; x_wconf 88' lang='lat' dir='ltr'><strong>Plcna</strong></span> <span class='ocrx_word' id='word_1_114' title='bbox 1344 650 1421 679; x_wconf 81' lang='lat' dir='ltr'><strong>haec</strong></span> <span class='ocrx_word' id='word_1_115' title='bbox 1451 658 1511 682; x_wconf 70' lang='lat' dir='ltr'><strong>est:</strong></span> <span class='ocrx_word' id='word_1_116' title='bbox 1548 652 1656 682; x_wconf 84' lang='lat' dir='ltr'><strong>Bonus</strong></span> 
     </span>
     <span class='ocr_line' id='line_1_14' title="bbox 81 688 1655 731; baseline 0.004 -14"><span class='ocrx_word' id='word_1_117' title='bbox 81 688 311 728; x_wconf 77' lang='lat' dir='ltr'>Vespasianus,</span> <span class='ocrx_word' id='word_1_118' title='bbox 350 688 404 716; x_wconf 90' lang='lat' dir='ltr'><strong>sed</strong></span> <span class='ocrx_word' id='word_1_119' title='bbox 428 688 572 727; x_wconf 76' lang='lat' dir='ltr'><strong>exempla</strong></span> <span class='ocrx_word' id='word_1_120' title='bbox 597 688 754 727; x_wconf 78' lang='lat' dir='ltr'><strong>priorum,</strong></span> <span class='ocrx_word' id='word_1_121' title='bbox 785 688 922 724; x_wconf 75' lang='lat' dir='ltr'><strong>Tiberii,</strong></span> <span class='ocrx_word' id='word_1_122' title='bbox 953 689 1039 725; x_wconf 85' lang='lat' dir='ltr'><strong>Gaii,</strong></span> <span class='ocrx_word' id='word_1_123' title='bbox 1066 690 1217 729; x_wconf 71' lang='lat' dir='ltr'><strong>Neronis7</strong></span> <span class='ocrx_word' id='word_1_124' title='bbox 1248 691 1376 731; x_wconf 77' lang='lat' dir='ltr'><strong>vincunt</strong></span> <span class='ocrx_word' id='word_1_125' title='bbox 1399 692 1487 721; x_wconf 87' lang='lat' dir='ltr'><strong>unius</strong></span> <span class='ocrx_word' id='word_1_126' title='bbox 1511 692 1604 722; x_wconf 73' lang='lat' dir='ltr'><strong>vitam</strong></span> <span class='ocrx_word' id='word_1_127' title='bbox 1627 701 1655 723; x_wconf 84' lang='lat' dir='ltr'><strong>et</strong></span> 
     </span>
     <span class='ocr_line' id='line_1_15' title="bbox 81 729 1654 774; baseline 0.003 -15"><span class='ocrx_word' id='word_1_128' title='bbox 81 729 149 759; x_wconf 86' lang='lat' dir='ltr'><strong>eius</strong></span> <span class='ocrx_word' id='word_1_129' title='bbox 172 729 223 759; x_wconf 86' lang='lat' dir='ltr'><strong>vel</strong></span> <span class='ocrx_word' id='word_1_130' title='bbox 246 739 351 758; x_wconf 90' lang='lat' dir='ltr'><strong>mores</strong></span> <span class='ocrx_word' id='word_1_131' title='bbox 374 729 425 758; x_wconf 85' lang='lat' dir='ltr'><strong>vel</strong></span> <span class='ocrx_word' id='word_1_132' title='bbox 449 730 677 759; x_wconf 70' lang='lat' dir='ltr'><strong>auctoritatem.</strong></span> <span class='ocrx_word' id='word_1_133' title='bbox 722 730 816 773; x_wconf 81' lang='lat' dir='ltr'><strong>Quid,</strong></span> <span class='ocrx_word' id='word_1_134' title='bbox 838 730 924 770; x_wconf 90' lang='lat' dir='ltr'><strong>quod</strong></span> <span class='ocrx_word' id='word_1_135' title='bbox 947 740 1052 759; x_wconf 89' lang='lat' dir='ltr'><strong>mores</strong></span> <span class='ocrx_word' id='word_1_136' title='bbox 1077 732 1166 760; x_wconf 79' lang='lat' dir='ltr'><strong>etiam</strong></span> <span class='ocrx_word' id='word_1_137' title='bbox 1191 731 1299 760; x_wconf 86' lang='lat' dir='ltr'><strong>melius</strong></span> <span class='ocrx_word' id='word_1_138' title='bbox 1314 740 1534 771; x_wconf 83' lang='lat' dir='ltr'><strong>opponuntur⁷</strong></span> <span class='ocrx_word' id='word_1_139' title='bbox 1561 745 1654 774; x_wconf 84' lang='lat' dir='ltr'><strong>quam</strong></span> 
     </span>
     <span class='ocr_line' id='line_1_16' title="bbox 83 769 1654 811; baseline 0.003 -11"><span class='ocrx_word' id='word_1_140' title='bbox 83 769 280 801; x_wconf 79' lang='lat' dir='ltr'><strong>auctoritas?</strong></span> <span class='ocrx_word' id='word_1_141' title='bbox 323 771 414 799; x_wconf 82' lang='lat' dir='ltr'><strong>Haec</strong></span> <span class='ocrx_word' id='word_1_142' title='bbox 444 773 523 800; x_wconf 79' lang='lat' dir='ltr'><strong>enini</strong></span> <span class='ocrx_word' id='word_1_143' title='bbox 554 771 643 800; x_wconf 74' lang='lat' dir='ltr'><strong>latius</strong></span> <span class='ocrx_word' id='word_1_144' title='bbox 673 774 760 811; x_wconf 76' lang='lat' dir='ltr'><strong>patet</strong></span> <span class='ocrx_word' id='word_1_145' title='bbox 789 778 820 801; x_wconf 84' lang='lat' dir='ltr'><strong>et</strong></span> <span class='ocrx_word' id='word_1_146' title='bbox 849 771 929 800; x_wconf 90' lang='lat' dir='ltr'><strong>mala</strong></span> <span class='ocrx_word' id='word_1_147' title='bbox 964 772 1057 801; x_wconf 82' lang='lat' dir='ltr'><strong>etiam</strong></span> <span class='ocrx_word' id='word_1_148' title='bbox 1090 772 1230 811; x_wconf 76' lang='lat' dir='ltr'><strong>exempla</strong></span> <span class='ocrx_word' id='word_1_149' title='bbox 1266 773 1413 811; x_wconf 77' lang='lat' dir='ltr'><strong>includit3</strong></span> <span class='ocrx_word' id='word_1_150' title='bbox 1458 785 1587 804; x_wconf 86' lang='lat' dir='ltr'><strong>mores</strong></span> <span class='ocrx_word' id='word_1_151' title='bbox 1617 785 1654 805; x_wconf 86' lang='lat' dir='ltr'><strong>ex</strong></span> 
     </span>
     <span class='ocr_line' id='line_1_17' title="bbox 80 812 1306 853; baseline 0.001 -11"><span class='ocrx_word' id='word_1_152' title='bbox 80 812 295 853; x_wconf 69' lang='lat' dir='ltr'><strong>praecedente</strong></span> <span class='ocrx_word' id='word_1_153' title='bbox 317 812 501 852; x_wconf 75' lang='lat' dir='ltr'>Vespasiani</span> <span class='ocrx_word' id='word_1_154' title='bbox 524 812 738 852; x_wconf 79' lang='lat' dir='ltr'><strong>descriptione</strong></span> <span class='ocrx_word' id='word_1_155' title='bbox 761 813 800 842; x_wconf 87' lang='lat' dir='ltr'><strong>ad</strong></span> <span class='ocrx_word' id='word_1_156' title='bbox 823 823 894 842; x_wconf 89' lang='lat' dir='ltr'><strong>eum</strong></span> <span class='ocrx_word' id='word_1_157' title='bbox 918 824 1013 842; x_wconf 89' lang='lat' dir='ltr'><strong>unum</strong></span> <span class='ocrx_word' id='word_1_158' title='bbox 1036 813 1149 843; x_wconf 81' lang='lat' dir='ltr'><strong>referri</strong></span> <span class='ocrx_word' id='word_1_159' title='bbox 1168 821 1306 853; x_wconf 83' lang='lat' dir='ltr'><strong>possunt.</strong></span> 
     </span>
    </p>
   </div>
   <div class='ocr_carea' id='block_1_5' title="bbox 79 864 1674 1487">
    <p class='ocr_par' dir='ltr' id='par_1_6' title="bbox 80 864 1654 1030">
     <span class='ocr_line' id='line_1_18' title="bbox 232 864 1654 906; baseline 0.003 -12"><span class='ocrx_word' id='word_1_160' title='bbox 232 864 342 894; x_wconf 75' lang='lat' dir='ltr'><strong>nist.</strong></span> <span class='ocrx_word' id='word_1_161' title='bbox 360 865 433 896; x_wconf 72' lang='lat' dir='ltr'><strong>IV.</strong></span> <span class='ocrx_word' id='word_1_162' title='bbox 457 874 491 895; x_wconf 79' lang='lat' dir='ltr'><strong>e.</strong></span> <span class='ocrx_word' id='word_1_163' title='bbox 508 864 583 896; x_wconf 73' lang='grc'><strong>46.</strong></span> <span class='ocrx_word' id='word_1_164' title='bbox 629 867 733 906; x_wconf 80' lang='lat' dir='ltr'><strong>„Inter</strong></span> <span class='ocrx_word' id='word_1_165' title='bbox 756 875 835 906; x_wconf 83' lang='lat' dir='ltr'><strong>quae</strong></span> <span class='ocrx_word' id='word_1_166' title='bbox 850 865 992 894; x_wconf 81' lang='lat' dir='ltr'><strong>militaris</strong></span> <span class='ocrx_word' id='word_1_167' title='bbox 1006 865 1118 894; x_wconf 81' lang='lat' dir='ltr'><strong>seditio</strong></span> <span class='ocrx_word' id='word_1_168' title='bbox 1136 875 1238 905; x_wconf 82' lang='lat' dir='ltr'><strong>prope</strong></span> <span class='ocrx_word' id='word_1_169' title='bbox 1259 865 1381 894; x_wconf 76' lang='lat' dir='ltr'><strong>exarsit.</strong></span> <span class='ocrx_word' id='word_1_170' title='bbox 1417 866 1654 903; x_wconf 54' lang='lat' dir='ltr'><strong>Praete-stanam</strong></span> 
     </span>
     <span class='ocr_line' id='line_1_19' title="bbox 80 905 1653 946; baseline 0.004 -12"><span class='ocrx_word' id='word_1_171' title='bbox 80 905 222 935; x_wconf 83' lang='lat' dir='ltr'><strong>militiam</strong></span> <span class='ocrx_word' id='word_1_172' title='bbox 245 905 431 945; x_wconf 74' lang='lat' dir='ltr'><strong>repetebant</strong></span> <span class='ocrx_word' id='word_1_173' title='bbox 453 917 469 935; x_wconf 86' lang='lat' dir='ltr'><strong>a</strong></span> <span class='ocrx_word' id='word_1_174' title='bbox 493 906 622 936; x_wconf 69' lang='lat' dir='ltr'><strong>Vitellio</strong></span> <span class='ocrx_word' id='word_1_175' title='bbox 646 907 776 942; x_wconf 77' lang='lat' dir='ltr'><strong>dimissi,</strong></span> <span class='ocrx_word' id='word_1_176' title='bbox 799 917 858 946; x_wconf 77' lang='lat' dir='ltr'><strong>pio</strong></span> <span class='ocrx_word' id='word_1_177' title='bbox 874 907 1069 946; x_wconf 81' lang='lat' dir='ltr'><strong>Vespasiano</strong></span> <span class='ocrx_word' id='word_1_178' title='bbox 1093 907 1295 946; x_wconf 72' lang='lat' dir='ltr'><strong>congregati3</strong></span> <span class='ocrx_word' id='word_1_179' title='bbox 1318 914 1348 936; x_wconf 87' lang='lat' dir='ltr'><strong>ct</strong></span> <span class='ocrx_word' id='word_1_180' title='bbox 1364 907 1459 936; x_wconf 81' lang='lat' dir='ltr'><strong>lectus</strong></span> <span class='ocrx_word' id='word_1_181' title='bbox 1475 909 1504 936; x_wconf 88' lang='lat' dir='ltr'><strong>in</strong></span> <span class='ocrx_word' id='word_1_182' title='bbox 1521 909 1653 940; x_wconf 86' lang='lat' dir='ltr'><strong>candem</strong></span> 
     </span>
     <span class='ocr_line' id='line_1_20' title="bbox 81 947 1652 988; baseline 0.001 -12"><span class='ocrx_word' id='word_1_183' title='bbox 81 957 167 986; x_wconf 86' lang='lat' dir='ltr'><strong>spem</strong></span> <span class='ocrx_word' id='word_1_184' title='bbox 190 957 207 976; x_wconf 87' lang='lat' dir='ltr'><strong>e</strong></span> <span class='ocrx_word' id='word_1_185' title='bbox 232 947 412 987; x_wconf 83' lang='lat' dir='ltr'><strong>legionibus</strong></span> <span class='ocrx_word' id='word_1_186' title='bbox 436 948 527 977; x_wconf 83' lang='lat' dir='ltr'><strong>miles</strong></span> <span class='ocrx_word' id='word_1_187' title='bbox 548 948 702 987; x_wconf 86' lang='lat' dir='ltr'><strong>promissa</strong></span> <span class='ocrx_word' id='word_1_188' title='bbox 722 948 877 988; x_wconf 79' lang='lat' dir='ltr'><strong>stipendia</strong></span> <span class='ocrx_word' id='word_1_189' title='bbox 896 947 1074 988; x_wconf 48' lang='lat' dir='ltr'><strong>flagitabam</strong></span> <span class='ocrx_word' id='word_1_190' title='bbox 1098 959 1135 977; x_wconf 87' lang='lat' dir='ltr'><strong>ne</strong></span> <span class='ocrx_word' id='word_1_191' title='bbox 1157 948 1317 978; x_wconf 75' lang='lat' dir='ltr'><strong>Vitelliani</strong></span> <span class='ocrx_word' id='word_1_192' title='bbox 1335 948 1457 988; x_wconf 82' lang='lat' dir='ltr'><strong>quidem</strong></span> <span class='ocrx_word' id='word_1_193' title='bbox 1472 950 1535 979; x_wconf 86' lang='lat' dir='ltr'><strong>sine</strong></span> <span class='ocrx_word' id='word_1_194' title='bbox 1557 951 1652 982; x_wconf 75' lang='lat' dir='ltr'><strong>multa</strong></span> 
     </span>
     <span class='ocr_line' id='line_1_21' title="bbox 83 989 1611 1030; baseline 0.003 -13"><span class='ocrx_word' id='word_1_195' title='bbox 83 989 179 1019; x_wconf 84' lang='lat' dir='ltr'><strong>caede</strong></span> <span class='ocrx_word' id='word_1_196' title='bbox 201 989 280 1029; x_wconf 88' lang='lat' dir='ltr'><strong>pelli</strong></span> <span class='ocrx_word' id='word_1_197' title='bbox 302 995 464 1028; x_wconf 85' lang='lat' dir='ltr'><strong>poterant;</strong></span> <span class='ocrx_word' id='word_1_198' title='bbox 489 990 544 1019; x_wconf 85' lang='lat' dir='ltr'><strong>sed</strong></span> <span class='ocrx_word' id='word_1_199' title='bbox 569 990 715 1019; x_wconf 85' lang='lat' dir='ltr'><strong>immensa</strong></span> <span class='ocrx_word' id='word_1_200' title='bbox 739 990 871 1030; x_wconf 82' lang='lat' dir='ltr'><strong>pecunia</strong></span> <span class='ocrx_word' id='word_1_201' title='bbox 894 990 944 1018; x_wconf 82' lang='lat' dir='ltr'><strong>scr</strong></span> <span class='ocrx_word' id='word_1_202' title='bbox 966 996 1050 1018; x_wconf 80' lang='lat' dir='ltr'><strong>tanta</strong></span> <span class='ocrx_word' id='word_1_203' title='bbox 1075 990 1121 1019; x_wconf 78' lang='lat' dir='ltr'><strong>vis</strong></span> <span class='ocrx_word' id='word_1_204' title='bbox 1144 989 1307 1019; x_wconf 83' lang='lat' dir='ltr'><strong>hominum</strong></span> <span class='ocrx_word' id='word_1_205' title='bbox 1330 991 1493 1019; x_wconf 77' lang='lat' dir='ltr'><strong>retinenda</strong></span> <span class='ocrx_word' id='word_1_206' title='bbox 1515 994 1611 1021; x_wconf 66' lang='lat' dir='ltr'><strong>eratf‘</strong></span> 
     </span>
    </p>

    <p class='ocr_par' dir='ltr' id='par_1_7' title="bbox 79 1031 1674 1487">
     <span class='ocr_line' id='line_1_22' title="bbox 234 1031 1652 1071; baseline 0.003 -12"><span class='ocrx_word' id='word_1_207' title='bbox 234 1031 279 1059; x_wconf 83' lang='lat' dir='ltr'><strong>Ita</strong></span> <span class='ocrx_word' id='word_1_208' title='bbox 304 1031 383 1069; x_wconf 60' lang='lat' dir='ltr'><strong>cod„</strong></span> <span class='ocrx_word' id='word_1_209' title='bbox 404 1031 428 1060; x_wconf 87' lang='lat' dir='ltr'><strong>si</strong></span> <span class='ocrx_word' id='word_1_210' title='bbox 450 1042 547 1071; x_wconf 81' lang='lat' dir='ltr'><strong>prave</strong></span> <span class='ocrx_word' id='word_1_211' title='bbox 570 1031 726 1061; x_wconf 72' lang='lat' dir='ltr'><strong>disiuncta</strong></span> <span class='ocrx_word' id='word_1_212' title='bbox 750 1032 929 1071; x_wconf 77' lang='lat' dir='ltr'><strong>coniungas.</strong></span> <span class='ocrx_word' id='word_1_213' title='bbox 978 1032 1055 1059; x_wconf 80' lang='lat' dir='ltr'><strong>Nam</strong></span> <span class='ocrx_word' id='word_1_214' title='bbox 1080 1041 1151 1060; x_wconf 90' lang='lat' dir='ltr'><strong>cum</strong></span> <span class='ocrx_word' id='word_1_215' title='bbox 1175 1031 1343 1070; x_wconf 87' lang='lat' dir='ltr'><strong>pecunia</strong></span> <span class='ocrx_word' id='word_1_216' title='bbox 1367 1031 1423 1060; x_wconf 81' lang='lat' dir='ltr'><strong>l&#39;er</strong></span> <span class='ocrx_word' id='word_1_217' title='bbox 1445 1031 1475 1060; x_wconf 86' lang='lat' dir='ltr'><strong>in</strong></span> <span class='ocrx_word' id='word_1_218' title='bbox 1497 1031 1561 1061; x_wconf 89' lang='lat' dir='ltr'><strong>fine</strong></span> <span class='ocrx_word' id='word_1_219' title='bbox 1584 1033 1652 1063; x_wconf 87' lang='lat' dir='ltr'><strong>solii</strong></span> 
     </span>
     <span class='ocr_line' id='line_1_23' title="bbox 81 1071 1651 1113; baseline 0.002 -12"><span class='ocrx_word' id='word_1_220' title='bbox 81 1071 234 1112; x_wconf 83' lang='lat' dir='ltr'><strong>scriptum</strong></span> <span class='ocrx_word' id='word_1_221' title='bbox 264 1078 359 1107; x_wconf 72' lang='lat' dir='ltr'><strong>esset,</strong></span> <span class='ocrx_word' id='word_1_222' title='bbox 392 1079 523 1112; x_wconf 86' lang='lat' dir='ltr'><strong>propter</strong></span> <span class='ocrx_word' id='word_1_223' title='bbox 551 1073 741 1113; x_wconf 75' lang='lat' dir='ltr'><strong>insequentis</strong></span> <span class='ocrx_word' id='word_1_224' title='bbox 771 1073 839 1103; x_wconf 74' lang='lat' dir='ltr'><strong>lolii</strong></span> <span class='ocrx_word' id='word_1_225' title='bbox 866 1079 1086 1113; x_wconf 78' lang='lat' dir='ltr'><strong>praeposteras</strong></span> <span class='ocrx_word' id='word_1_226' title='bbox 1122 1073 1249 1112; x_wconf 76' lang='lat' dir='ltr'><strong>paginas</strong></span> <span class='ocrx_word' id='word_1_227' title='bbox 1283 1073 1325 1101; x_wconf 86' lang='lat' dir='ltr'><strong>ita</strong></span> <span class='ocrx_word' id='word_1_228' title='bbox 1358 1072 1387 1101; x_wconf 89' lang='lat' dir='ltr'><strong>in</strong></span> <span class='ocrx_word' id='word_1_229' title='bbox 1424 1084 1461 1102; x_wconf 91' lang='lat' dir='ltr'><strong>co</strong></span> <span class='ocrx_word' id='word_1_230' title='bbox 1491 1084 1524 1102; x_wconf 89' lang='lat' dir='ltr'><strong>se</strong></span> <span class='ocrx_word' id='word_1_231' title='bbox 1555 1075 1651 1104; x_wconf 77' lang='lat' dir='ltr'><strong>verba</strong></span> 
     </span>
     <span class='ocr_line' id='line_1_24' title="bbox 81 1113 1651 1153; baseline 0.003 -11"><span class='ocrx_word' id='word_1_232' title='bbox 81 1113 261 1153; x_wconf 84' lang='lat' dir='ltr'><strong>excipiunt:</strong></span> <span class='ocrx_word' id='word_1_233' title='bbox 297 1113 374 1153; x_wconf 73' lang='lat' dir='ltr'><strong>„scd</strong></span> <span class='ocrx_word' id='word_1_234' title='bbox 401 1115 549 1144; x_wconf 81' lang='lat' dir='ltr'><strong>immensa</strong></span> <span class='ocrx_word' id='word_1_235' title='bbox 578 1115 713 1153; x_wconf 83' lang='lat' dir='ltr'><strong>pecunia</strong></span> <span class='ocrx_word' id='word_1_236' title='bbox 745 1115 794 1143; x_wconf 88' lang='lat' dir='ltr'><strong>ser</strong></span> <span class='ocrx_word' id='word_1_237' title='bbox 823 1125 860 1143; x_wconf 88' lang='lat' dir='ltr'><strong>ne</strong></span> <span class='ocrx_word' id='word_1_238' title='bbox 889 1114 1162 1144; x_wconf 69' lang='lat' dir='ltr'><strong>criminatiomuw&#39;·</strong></span> <span class='ocrx_word' id='word_1_239' title='bbox 1195 1115 1236 1153; x_wconf 83' lang='lat' dir='ltr'><strong>(e.</strong></span> <span class='ocrx_word' id='word_1_240' title='bbox 1260 1114 1309 1143; x_wconf 76' lang='lat'><strong>52.</strong></span> <span class='ocrx_word' id='word_1_241' title='bbox 1331 1114 1410 1152; x_wconf 86' lang='lat' dir='ltr'><strong>init.)</strong></span> <span class='ocrx_word' id='word_1_242' title='bbox 1445 1114 1482 1142; x_wconf 88' lang='lat' dir='ltr'><strong>ad</strong></span> <span class='ocrx_word' id='word_1_243' title='bbox 1513 1123 1651 1145; x_wconf 75' lang='lat' dir='ltr'><strong>nostram</strong></span> 
     </span>
     <span class='ocr_line' id='line_1_25' title="bbox 82 1154 1651 1194; baseline 0.001 -10"><span class='ocrx_word' id='word_1_244' title='bbox 82 1156 258 1185; x_wconf 79' lang='lat' dir='ltr'><strong>orationem</strong></span> <span class='ocrx_word' id='word_1_245' title='bbox 283 1165 309 1185; x_wconf 91' lang='lat' dir='ltr'><strong>c.</strong></span> <span class='ocrx_word' id='word_1_246' title='bbox 332 1155 382 1186; x_wconf 64' lang='lat'><strong>543.</strong></span> <span class='ocrx_word' id='word_1_247' title='bbox 404 1155 456 1185; x_wconf 83' lang='lat' dir='ltr'><strong>fin.</strong></span> <span class='ocrx_word' id='word_1_248' title='bbox 479 1155 592 1192; x_wconf 79' lang='lat' dir='ltr'><strong>(tuisse</strong></span> <span class='ocrx_word' id='word_1_249' title='bbox 616 1156 771 1193; x_wconf 79' lang='lat' dir='ltr'><strong>creditur)</strong></span> <span class='ocrx_word' id='word_1_250' title='bbox 796 1156 834 1184; x_wconf 69' lang='lat' dir='ltr'><strong>ita</strong></span> <span class='ocrx_word' id='word_1_251' title='bbox 859 1156 997 1184; x_wconf 77' lang='lat' dir='ltr'><strong>reditur:</strong></span> <span class='ocrx_word' id='word_1_252' title='bbox 1032 1154 1189 1194; x_wconf 72' lang='lat' dir='ltr'><strong>„defuisse</strong></span> <span class='ocrx_word' id='word_1_253' title='bbox 1217 1155 1310 1184; x_wconf 85' lang='lat' dir='ltr'><strong>crede</strong></span> <span class='ocrx_word' id='word_1_254' title='bbox 1332 1161 1415 1184; x_wconf 79' lang='lat' dir='ltr'><strong>tanta</strong></span> <span class='ocrx_word' id='word_1_255' title='bbox 1440 1155 1518 1186; x_wconf 74' lang='lat' dir='ltr'><strong>vis.“</strong></span> <span class='ocrx_word' id='word_1_256' title='bbox 1562 1157 1651 1187; x_wconf 87' lang='lat' dir='ltr'><strong>Unde</strong></span> 
     </span>
     <span class='ocr_line' id='line_1_26' title="bbox 80 1195 1650 1236; baseline 0.002 -10"><span class='ocrx_word' id='word_1_257' title='bbox 80 1206 143 1226; x_wconf 89' lang='lat' dir='ltr'><strong>non</strong></span> <span class='ocrx_word' id='word_1_258' title='bbox 170 1197 282 1226; x_wconf 76' lang='lat' dir='ltr'><strong>inutile</strong></span> <span class='ocrx_word' id='word_1_259' title='bbox 310 1197 371 1226; x_wconf 85' lang='lat' dir='ltr'><strong>erit</strong></span> <span class='ocrx_word' id='word_1_260' title='bbox 401 1197 605 1232; x_wconf 74' lang='lat' dir='ltr'><strong>observasse,</strong></span> <span class='ocrx_word' id='word_1_261' title='bbox 641 1198 671 1226; x_wconf 92' lang='lat' dir='ltr'><strong>in</strong></span> <span class='ocrx_word' id='word_1_262' title='bbox 701 1197 820 1226; x_wconf 72' lang='lat' dir='ltr'><strong>codicis</strong></span> <span class='ocrx_word' id='word_1_263' title='bbox 847 1198 928 1232; x_wconf 84' lang='lat' dir='ltr'><strong>eius,</strong></span> <span class='ocrx_word' id='word_1_264' title='bbox 967 1207 1005 1226; x_wconf 84' lang='lat' dir='ltr'><strong>ex</strong></span> <span class='ocrx_word' id='word_1_265' title='bbox 1033 1208 1095 1236; x_wconf 88' lang='lat' dir='ltr'><strong>quo</strong></span> <span class='ocrx_word' id='word_1_266' title='bbox 1125 1195 1214 1225; x_wconf 83' lang='lat' dir='ltr'><strong>fluxit</strong></span> <span class='ocrx_word' id='word_1_267' title='bbox 1237 1196 1450 1232; x_wconf 76' lang='lat' dir='ltr'><strong>Florentinus,</strong></span> <span class='ocrx_word' id='word_1_268' title='bbox 1487 1196 1564 1227; x_wconf 85' lang='lat' dir='ltr'><strong>folio</strong></span> <span class='ocrx_word' id='word_1_269' title='bbox 1587 1209 1650 1229; x_wconf 91' lang='lat' dir='ltr'><strong>uno</strong></span> 
     </span>
     <span class='ocr_line' id='line_1_27' title="bbox 79 1237 1651 1280; baseline 0.002 -13"><span class='ocrx_word' id='word_1_270' title='bbox 79 1248 192 1267; x_wconf 87' lang='lat' dir='ltr'><strong>versus</strong></span> <span class='ocrx_word' id='word_1_271' title='bbox 223 1239 287 1268; x_wconf 82' lang='lat' dir='ltr'><strong>sere</strong></span> <span class='ocrx_word' id='word_1_272' title='bbox 320 1239 388 1268; x_wconf 74' lang='lat'><strong>158.</strong></span> <span class='ocrx_word' id='word_1_273' title='bbox 418 1239 514 1268; x_wconf 71' lang='lat' dir='ltr'><strong>luisse</strong></span> <span class='ocrx_word' id='word_1_274' title='bbox 540 1240 632 1275; x_wconf 64' lang='lat' dir='ltr'><strong>{ales⁷</strong></span> <span class='ocrx_word' id='word_1_275' title='bbox 668 1240 774 1280; x_wconf 84' lang='lat' dir='ltr'><strong>quales</strong></span> <span class='ocrx_word' id='word_1_276' title='bbox 805 1239 854 1268; x_wconf 86' lang='lat' dir='ltr'><strong>ed.</strong></span> <span class='ocrx_word' id='word_1_277' title='bbox 885 1238 1015 1277; x_wconf 71' lang='lat' dir='ltr'><strong>Riueri⁷</strong></span> <span class='ocrx_word' id='word_1_278' title='bbox 1050 1249 1111 1268; x_wconf 87' lang='lat' dir='ltr'><strong>non</strong></span> <span class='ocrx_word' id='word_1_279' title='bbox 1140 1248 1211 1267; x_wconf 77' lang='lat' dir='ltr'><strong>sane</strong></span> <span class='ocrx_word' id='word_1_280' title='bbox 1238 1238 1357 1277; x_wconf 79' lang='lat' dir='ltr'><strong>magnis</strong></span> <span class='ocrx_word' id='word_1_281' title='bbox 1387 1237 1486 1267; x_wconf 72' lang='lat' dir='ltr'><strong>literis</strong></span> <span class='ocrx_word' id='word_1_282' title='bbox 1510 1247 1651 1280; x_wconf 78' lang='lat' dir='ltr'><strong>excussa,</strong></span> 
     </span>
     <span class='ocr_line' id='line_1_28' title="bbox 81 1279 1674 1321; baseline -0.001 -12"><span class='ocrx_word' id='word_1_283' title='bbox 81 1279 221 1320; x_wconf 71' lang='lat' dir='ltr'><strong>exhibet,</strong></span> <span class='ocrx_word' id='word_1_284' title='bbox 257 1281 275 1309; x_wconf 94' lang='lat' dir='ltr'><strong>i.</strong></span> <span class='ocrx_word' id='word_1_285' title='bbox 300 1291 324 1310; x_wconf 87' lang='lat' dir='ltr'><strong>e.</strong></span> <span class='ocrx_word' id='word_1_286' title='bbox 355 1281 427 1309; x_wconf 78' lang='lat' dir='ltr'><strong>satis</strong></span> <span class='ocrx_word' id='word_1_287' title='bbox 458 1280 585 1309; x_wconf 79' lang='lat' dir='ltr'><strong>minutis</strong></span> <span class='ocrx_word' id='word_1_288' title='bbox 616 1281 714 1309; x_wconf 81' lang='lat' dir='ltr'><strong>literis</strong></span> <span class='ocrx_word' id='word_1_289' title='bbox 742 1280 838 1309; x_wconf 81' lang='lat' dir='ltr'><strong>fuisse</strong></span> <span class='ocrx_word' id='word_1_290' title='bbox 867 1280 1034 1319; x_wconf 80' lang='lat' dir='ltr'><strong>scriptum⁷</strong></span> <span class='ocrx_word' id='word_1_291' title='bbox 1067 1279 1119 1319; x_wconf 91' lang='lat' dir='ltr'><strong>qui</strong></span> <span class='ocrx_word' id='word_1_292' title='bbox 1140 1280 1181 1310; x_wconf 81' lang='lat'><strong>&#39;79</strong></span> <span class='ocrx_word' id='word_1_293' title='bbox 1202 1279 1251 1308; x_wconf 88' lang='lat' dir='ltr'><strong>vel</strong></span> <span class='ocrx_word' id='word_1_294' title='bbox 1275 1280 1314 1308; x_wconf 81' lang='lat'><strong>80</strong></span> <span class='ocrx_word' id='word_1_295' title='bbox 1338 1289 1446 1308; x_wconf 81' lang='lat' dir='ltr'><strong>versus</strong></span> <span class='ocrx_word' id='word_1_296' title='bbox 1470 1279 1498 1308; x_wconf 93' lang='lat' dir='ltr'><strong>in</strong></span> <span class='ocrx_word' id='word_1_297' title='bbox 1522 1280 1674 1321; x_wconf 64' lang='lat' dir='ltr'><strong>singulis„</strong></span> 
     </span>
     <span class='ocr_line' id='line_1_29' title="bbox 80 1320 1650 1361; baseline 0 -11"><span class='ocrx_word' id='word_1_298' title='bbox 80 1321 203 1361; x_wconf 78' lang='lat' dir='ltr'><strong>paginis</strong></span> <span class='ocrx_word' id='word_1_299' title='bbox 228 1322 412 1351; x_wconf 79' lang='lat' dir='ltr'><strong>contineret.</strong></span> <span class='ocrx_word' id='word_1_300' title='bbox 457 1322 519 1351; x_wconf 87' lang='lat' dir='ltr'><strong>Sed</strong></span> <span class='ocrx_word' id='word_1_301' title='bbox 544 1327 575 1350; x_wconf 82' lang='lat' dir='ltr'><strong>ut</strong></span> <span class='ocrx_word' id='word_1_302' title='bbox 599 1322 636 1350; x_wconf 85' lang='lat' dir='ltr'><strong>ad</strong></span> <span class='ocrx_word' id='word_1_303' title='bbox 660 1332 726 1351; x_wconf 81' lang='lat' dir='ltr'><strong>rem</strong></span> <span class='ocrx_word' id='word_1_304' title='bbox 750 1322 919 1357; x_wconf 79' lang='lat' dir='ltr'><strong>redeamus,</strong></span> <span class='ocrx_word' id='word_1_305' title='bbox 949 1322 1136 1361; x_wconf 84' lang='lat' dir='ltr'><strong>plerumque</strong></span> <span class='ocrx_word' id='word_1_306' title='bbox 1159 1320 1249 1349; x_wconf 48' lang='lat' dir='ltr'><strong>istud&#39;</strong></span> <span class='ocrx_word' id='word_1_307' title='bbox 1264 1320 1322 1349; x_wconf 84' lang='lat' dir='ltr'><strong>ser</strong></span> <span class='ocrx_word' id='word_1_308' title='bbox 1345 1320 1387 1348; x_wconf 79' lang='lat' dir='ltr'><strong>ita</strong></span> <span class='ocrx_word' id='word_1_309' title='bbox 1410 1321 1586 1357; x_wconf 72' lang='lat' dir='ltr'><strong>extendunt,</strong></span> <span class='ocrx_word' id='word_1_310' title='bbox 1615 1329 1650 1352; x_wconf 87' lang='lat' dir='ltr'><strong>ut</strong></span> 
     </span>
     <span class='ocr_line' id='line_1_30' title="bbox 80 1361 1649 1404; baseline 0 -11"><span class='ocrx_word' id='word_1_311' title='bbox 80 1363 293 1393; x_wconf 86' lang='lat' dir='ltr'><strong>ferebatur</strong></span> <span class='ocrx_word' id='word_1_312' title='bbox 316 1374 389 1404; x_wconf 87' lang='lat' dir='ltr'><strong>qua</strong></span> <span class='ocrx_word' id='word_1_313' title='bbox 412 1364 562 1392; x_wconf 82' lang='lat' dir='ltr'><strong>scribant.</strong></span> <span class='ocrx_word' id='word_1_314' title='bbox 606 1365 725 1394; x_wconf 68' lang='lat' dir='ltr'><strong>Yerum</strong></span> <span class='ocrx_word' id='word_1_315' title='bbox 760 1364 801 1392; x_wconf 79' lang='lat' dir='ltr'><strong>ita</strong></span> <span class='ocrx_word' id='word_1_316' title='bbox 835 1362 1071 1403; x_wconf 77' lang='lat' dir='ltr'><strong>grammaticam</strong></span> <span class='ocrx_word' id='word_1_317' title='bbox 1103 1373 1164 1392; x_wconf 89' lang='lat' dir='ltr'><strong>non</strong></span> <span class='ocrx_word' id='word_1_318' title='bbox 1199 1368 1344 1391; x_wconf 85' lang='lat' dir='ltr'><strong>constare</strong></span> <span class='ocrx_word' id='word_1_319' title='bbox 1377 1361 1483 1401; x_wconf 84' lang='lat' dir='ltr'><strong>liquet.</strong></span> <span class='ocrx_word' id='word_1_320' title='bbox 1536 1363 1649 1393; x_wconf 79' lang='lat' dir='ltr'><strong>Omnia</strong></span> 
     </span>
     <span class='ocr_line' id='line_1_31' title="bbox 81 1402 1648 1444; baseline 0 -10"><span class='ocrx_word' id='word_1_321' title='bbox 81 1415 160 1435; x_wconf 86' lang='lat' dir='ltr'><strong>vero</strong></span> <span class='ocrx_word' id='word_1_322' title='bbox 184 1405 287 1444; x_wconf 85' lang='lat' dir='ltr'><strong>plana,</strong></span> <span class='ocrx_word' id='word_1_323' title='bbox 317 1405 343 1434; x_wconf 92' lang='lat' dir='ltr'><strong>si</strong></span> <span class='ocrx_word' id='word_1_324' title='bbox 367 1405 430 1434; x_wconf 70' lang='grc' dir='ltr'><strong>ἱει-</strong></span> <span class='ocrx_word' id='word_1_325' title='bbox 452 1413 555 1434; x_wconf 81' lang='lat' dir='ltr'><strong>ortum</strong></span> <span class='ocrx_word' id='word_1_326' title='bbox 579 1405 695 1434; x_wconf 83' lang='lat' dir='ltr'><strong>dixeris</strong></span> <span class='ocrx_word' id='word_1_327' title='bbox 719 1416 756 1434; x_wconf 87' lang='lat' dir='ltr'><strong>ex</strong></span> <span class='ocrx_word' id='word_1_328' title='bbox 779 1404 806 1433; x_wconf 85' lang='lat' dir='ltr'><strong>si</strong></span> <span class='ocrx_word' id='word_1_329' title='bbox 828 1415 863 1433; x_wconf 84' lang='lat' dir='ltr'><strong>ac</strong></span> <span class='ocrx_word' id='word_1_330' title='bbox 888 1406 976 1444; x_wconf 81' lang='lat' dir='ltr'><strong>signo</strong></span> <span class='ocrx_word' id='word_1_331' title='bbox 999 1404 1114 1443; x_wconf 64' lang='lat' dir='ltr'><strong>aliquo,</strong></span> <span class='ocrx_word' id='word_1_332' title='bbox 1144 1414 1204 1444; x_wconf 90' lang='lat' dir='ltr'><strong>quo</strong></span> <span class='ocrx_word' id='word_1_333' title='bbox 1229 1403 1267 1431; x_wconf 84' lang='lat' dir='ltr'><strong>ad</strong></span> <span class='ocrx_word' id='word_1_334' title='bbox 1291 1413 1370 1432; x_wconf 84' lang='lat' dir='ltr'><strong>nova</strong></span> <span class='ocrx_word' id='word_1_335' title='bbox 1394 1402 1468 1431; x_wconf 82' lang='lat' dir='ltr'><strong>solia</strong></span> <span class='ocrx_word' id='word_1_336' title='bbox 1491 1406 1648 1434; x_wconf 74' lang='lat' dir='ltr'><strong>transituri</strong></span> 
     </span>
     <span class='ocr_line' id='line_1_32' title="bbox 80 1444 1648 1487; baseline 0.001 -12"><span class='ocrx_word' id='word_1_337' title='bbox 80 1446 126 1476; x_wconf 75' lang='lat' dir='ltr'><strong>uli</strong></span> <span class='ocrx_word' id='word_1_338' title='bbox 143 1448 323 1476; x_wconf 79' lang='lat' dir='ltr'><strong>soleamus:</strong></span> <span class='ocrx_word' id='word_1_339' title='bbox 346 1446 421 1487; x_wconf 52' lang='grc' dir='ltr'><strong>Ἄεστι]</strong></span> <span class='ocrx_word' id='word_1_340' title='bbox 444 1447 593 1475; x_wconf 85' lang='lat' dir='ltr'><strong>immensa</strong></span> <span class='ocrx_word' id='word_1_341' title='bbox 618 1447 762 1486; x_wconf 84' lang='lat' dir='ltr'><strong>pecunia,</strong></span> <span class='ocrx_word' id='word_1_342' title='bbox 788 1445 905 1486; x_wconf 83' lang='lat' dir='ltr'><strong>[futura</strong></span> <span class='ocrx_word' id='word_1_343' title='bbox 921 1446 1001 1485; x_wconf 81' lang='lat' dir='ltr'><strong>erat]</strong></span> <span class='ocrx_word' id='word_1_344' title='bbox 1025 1445 1050 1473; x_wconf 88' lang='lat' dir='ltr'><strong>si</strong></span> <span class='ocrx_word' id='word_1_345' title='bbox 1065 1451 1148 1474; x_wconf 85' lang='lat' dir='ltr'><strong>tanta</strong></span> <span class='ocrx_word' id='word_1_346' title='bbox 1166 1445 1212 1474; x_wconf 91' lang='lat' dir='ltr'><strong>vis</strong></span> <span class='ocrx_word' id='word_1_347' title='bbox 1225 1444 1384 1474; x_wconf 88' lang='lat' dir='ltr'><strong>hominum</strong></span> <span class='ocrx_word' id='word_1_348' title='bbox 1400 1445 1558 1474; x_wconf 79' lang='lat' dir='ltr'><strong>retinenda</strong></span> <span class='ocrx_word' id='word_1_349' title='bbox 1576 1453 1648 1476; x_wconf 79' lang='lat' dir='ltr'><strong>erat.</strong></span> 
     </span>
    </p>
   </div>
   <div class='ocr_carea' id='block_1_6' title="bbox 82 1496 1648 1582">
    <p class='ocr_par' dir='ltr' id='par_1_8' title="bbox 82 1496 1648 1582">
     <span class='ocr_line' id='line_1_33' title="bbox 231 1496 1648 1538; baseline -0.001 -11"><span class='ocrx_word' id='word_1_350' title='bbox 231 1498 344 1530; x_wconf 79' lang='lat' dir='ltr'><strong>Ibid.</strong></span> <span class='ocrx_word' id='word_1_351' title='bbox 393 1499 483 1537; x_wconf 64' lang='lat' dir='ltr'><strong>⁷„Neu</strong></span> <span class='ocrx_word' id='word_1_352' title='bbox 519 1498 606 1538; x_wconf 82' lang='lat' dir='ltr'><strong>pari</strong></span> <span class='ocrx_word' id='word_1_353' title='bbox 642 1508 757 1527; x_wconf 81' lang='lat' dir='ltr'><strong>causa</strong></span> <span class='ocrx_word' id='word_1_354' title='bbox 791 1498 948 1538; x_wconf 81' lang='lat' dir='ltr'><strong>disparem</strong></span> <span class='ocrx_word' id='word_1_355' title='bbox 981 1496 1140 1525; x_wconf 83' lang='lat' dir='ltr'><strong>fortunam</strong></span> <span class='ocrx_word' id='word_1_356' title='bbox 1173 1497 1388 1536; x_wconf 80' lang='lat' dir='ltr'><strong>paterentur.·‘</strong></span> <span class='ocrx_word' id='word_1_357' title='bbox 1443 1496 1482 1524; x_wconf 89' lang='lat' dir='ltr'><strong>In</strong></span> <span class='ocrx_word' id='word_1_358' title='bbox 1517 1497 1586 1535; x_wconf 86' lang='lat' dir='ltr'><strong>pari</strong></span> <span class='ocrx_word' id='word_1_359' title='bbox 1623 1508 1648 1527; x_wconf 92' lang='lat' dir='ltr'><strong>c.</strong></span> 
     </span>
     <span class='ocr_line' id='line_1_34' title="bbox 82 1537 1648 1582; baseline -0.001 -13"><span class='ocrx_word' id='word_1_360' title='bbox 82 1545 194 1569; x_wconf 84' lang='lat' dir='ltr'><strong>contra</strong></span> <span class='ocrx_word' id='word_1_361' title='bbox 218 1539 287 1569; x_wconf 85' lang='lat' dir='ltr'><strong>cod.</strong></span> <span class='ocrx_word' id='word_1_362' title='bbox 309 1550 372 1569; x_wconf 91' lang='lat' dir='ltr'><strong>non</strong></span> <span class='ocrx_word' id='word_1_363' title='bbox 396 1547 482 1582; x_wconf 82' lang='lat' dir='ltr'><strong>recte</strong></span> <span class='ocrx_word' id='word_1_364' title='bbox 503 1539 601 1569; x_wconf 86' lang='lat' dir='ltr'><strong>scribi</strong></span> <span class='ocrx_word' id='word_1_365' title='bbox 624 1540 712 1570; x_wconf 90' lang='lat' dir='ltr'><strong>solet.</strong></span> <span class='ocrx_word' id='word_1_366' title='bbox 734 1550 875 1569; x_wconf 83' lang='lat' dir='ltr'><strong>rasuram</strong></span> <span class='ocrx_word' id='word_1_367' title='bbox 898 1545 969 1578; x_wconf 86' lang='lat' dir='ltr'><strong>post</strong></span> <span class='ocrx_word' id='word_1_368' title='bbox 990 1538 1076 1578; x_wconf 88' lang='lat' dir='ltr'><strong>pari</strong></span> <span class='ocrx_word' id='word_1_369' title='bbox 1097 1538 1128 1567; x_wconf 90' lang='lat' dir='ltr'><strong>in</strong></span> <span class='ocrx_word' id='word_1_370' title='bbox 1150 1537 1218 1566; x_wconf 91' lang='lat' dir='ltr'><strong>cod.</strong></span> <span class='ocrx_word' id='word_1_371' title='bbox 1242 1537 1343 1565; x_wconf 85' lang='lat' dir='ltr'><strong>inesse</strong></span> <span class='ocrx_word' id='word_1_372' title='bbox 1357 1547 1419 1565; x_wconf 87' lang='lat' dir='ltr'><strong>non</strong></span> <span class='ocrx_word' id='word_1_373' title='bbox 1441 1537 1504 1567; x_wconf 84' lang='lat' dir='ltr'><strong>vidi</strong></span> <span class='ocrx_word' id='word_1_374' title='bbox 1527 1548 1542 1566; x_wconf 91' lang='lat' dir='ltr'><strong>a</strong></span> <span class='ocrx_word' id='word_1_375' title='bbox 1556 1539 1648 1567; x_wconf 89' lang='lat' dir='ltr'><strong>Furia</strong></span> 
     </span>
    </p>
   </div>
   <div class='ocr_carea' id='block_1_7' title="bbox 79 1589 1646 1663">
    <p class='ocr_par' dir='ltr' id='par_1_9' title="bbox 79 1589 1646 1663">
     <span class='ocr_line' id='line_1_35' title="bbox 79 1589 191 1611; baseline 0 0"><span class='ocrx_word' id='word_1_376' title='bbox 79 1589 191 1611; x_wconf 80' lang='lat' dir='ltr'><strong>notari.</strong></span> 
     </span>
     <span class='ocr_line' id='line_1_36' title="bbox 230 1618 1646 1663; baseline -0.005 -7"><span class='ocrx_word' id='word_1_377' title='bbox 230 1624 339 1656; x_wconf 72' lang='lat' dir='ltr'><strong>nist.</strong></span> <span class='ocrx_word' id='word_1_378' title='bbox 362 1619 435 1655; x_wconf 71' lang='lat' dir='ltr'><strong>lv.</strong></span> <span class='ocrx_word' id='word_1_379' title='bbox 459 1632 492 1653; x_wconf 80' lang='lat' dir='ltr'><strong>c.</strong></span> <span class='ocrx_word' id='word_1_380' title='bbox 514 1622 589 1654; x_wconf 63' lang='lat'><strong>4¹2.</strong></span> <span class='ocrx_word' id='word_1_381' title='bbox 639 1623 831 1663; x_wconf 69' lang='lat' dir='ltr'><strong>„Funusque</strong></span> <span class='ocrx_word' id='word_1_382' title='bbox 860 1621 1035 1652; x_wconf 88' lang='lat' dir='ltr'><strong>censorium</strong></span> <span class='ocrx_word' id='word_1_383' title='bbox 1064 1619 1173 1649; x_wconf 85' lang='lat' dir='ltr'><strong>Flavio</strong></span> <span class='ocrx_word' id='word_1_384' title='bbox 1204 1618 1321 1649; x_wconf 82' lang='lat' dir='ltr'><strong>Sabino</strong></span> <span class='ocrx_word' id='word_1_385' title='bbox 1352 1619 1496 1656; x_wconf 64' lang='lat' dir='ltr'><strong>ductumg</strong></span> <span class='ocrx_word' id='word_1_386' title='bbox 1535 1630 1646 1661; x_wconf 82' lang='lat' dir='ltr'><strong>magna</strong></span> 
     </span>
    </p>
   </div>
   <div class='ocr_carea' id='block_1_8' title="bbox 81 1661 1646 1747">
    <p class='ocr_par' dir='ltr' id='par_1_10' title="bbox 81 1661 1646 1747">
     <span class='ocr_line' id='line_1_37' title="bbox 81 1661 1162 1704; baseline -0.005 -10"><span class='ocrx_word' id='word_1_387' title='bbox 81 1664 268 1695; x_wconf 80' lang='lat' dir='ltr'><strong>documenta</strong></span> <span class='ocrx_word' id='word_1_388' title='bbox 291 1665 444 1694; x_wconf 74' lang='lat' dir='ltr'><strong>instabilis</strong></span> <span class='ocrx_word' id='word_1_389' title='bbox 466 1665 613 1694; x_wconf 82' lang='lat' dir='ltr'><strong>fortunae</strong></span> <span class='ocrx_word' id='word_1_390' title='bbox 635 1674 816 1704; x_wconf 86' lang='lat' dir='ltr'><strong>summaque</strong></span> <span class='ocrx_word' id='word_1_391' title='bbox 839 1664 951 1694; x_wconf 83' lang='lat' dir='ltr'><strong>etiam</strong></span> <span class='ocrx_word' id='word_1_392' title='bbox 975 1661 1162 1692; x_wconf 58' lang='lat' dir='ltr'><strong>miscentisf‘</strong></span> 
     </span>
     <span class='ocr_line' id='line_1_38' title="bbox 233 1701 1646 1747; baseline -0.003 -12"><span class='ocrx_word' id='word_1_393' title='bbox 233 1707 412 1746; x_wconf 72' lang='lat' dir='ltr'><strong>Corrigunt‚</strong></span> <span class='ocrx_word' id='word_1_394' title='bbox 441 1716 665 1747; x_wconf 86' lang='lat' dir='ltr'><strong>summaque</strong></span> <span class='ocrx_word' id='word_1_395' title='bbox 688 1713 725 1735; x_wconf 91' lang='lat' dir='ltr'><strong>et</strong></span> <span class='ocrx_word' id='word_1_396' title='bbox 747 1706 839 1741; x_wconf 72' lang='lat' dir='ltr'><strong>ima,</strong></span> <span class='ocrx_word' id='word_1_397' title='bbox 868 1715 930 1733; x_wconf 91' lang='lat' dir='ltr'><strong>non</strong></span> <span class='ocrx_word' id='word_1_398' title='bbox 954 1705 1054 1733; x_wconf 86' lang='lat' dir='ltr'><strong>solum</strong></span> <span class='ocrx_word' id='word_1_399' title='bbox 1078 1708 1207 1743; x_wconf 86' lang='lat' dir='ltr'><strong>praeter</strong></span> <span class='ocrx_word' id='word_1_400' title='bbox 1230 1701 1454 1735; x_wconf 80' lang='lat' dir='ltr'><strong>necessitatem,</strong></span> <span class='ocrx_word' id='word_1_401' title='bbox 1476 1701 1529 1730; x_wconf 86' lang='lat' dir='ltr'><strong>sed</strong></span> <span class='ocrx_word' id='word_1_402' title='bbox 1554 1701 1646 1731; x_wconf 87' lang='lat' dir='ltr'><strong>etiam</strong></span> 
     </span>
    </p>
   </div>
   <div class='ocr_carea' id='block_1_9' title="bbox 79 1743 1645 1963">
    <p class='ocr_par' dir='ltr' id='par_1_11' title="bbox 79 1743 1645 1913">
     <span class='ocr_line' id='line_1_39' title="bbox 80 1743 1644 1785; baseline -0.004 -8"><span class='ocrx_word' id='word_1_403' title='bbox 80 1748 238 1777; x_wconf 79' lang='lat' dir='ltr'><strong>iniuriose.</strong></span> <span class='ocrx_word' id='word_1_404' title='bbox 290 1749 369 1777; x_wconf 82' lang='lat' dir='ltr'><strong>Nam</strong></span> <span class='ocrx_word' id='word_1_405' title='bbox 398 1758 517 1777; x_wconf 85' lang='lat' dir='ltr'><strong>summa</strong></span> <span class='ocrx_word' id='word_1_406' title='bbox 544 1748 611 1776; x_wconf 84' lang='lat' dir='ltr'><strong>imis</strong></span> <span class='ocrx_word' id='word_1_407' title='bbox 641 1747 767 1776; x_wconf 85' lang='lat' dir='ltr'><strong>misceri</strong></span> <span class='ocrx_word' id='word_1_408' title='bbox 795 1747 927 1775; x_wconf 87' lang='lat' dir='ltr'><strong>dicimus</strong></span> <span class='ocrx_word' id='word_1_409' title='bbox 957 1745 996 1773; x_wconf 89' lang='lat' dir='ltr'><strong>de</strong></span> <span class='ocrx_word' id='word_1_410' title='bbox 1025 1745 1134 1785; x_wconf 81' lang='lat' dir='ltr'><strong>quavis</strong></span> <span class='ocrx_word' id='word_1_411' title='bbox 1161 1743 1273 1782; x_wconf 82' lang='lat' dir='ltr'><strong>insigni</strong></span> <span class='ocrx_word' id='word_1_412' title='bbox 1303 1753 1407 1771; x_wconf 88' lang='lat' dir='ltr'><strong>rerum</strong></span> <span class='ocrx_word' id='word_1_413' title='bbox 1432 1743 1644 1782; x_wconf 73' lang='lat' dir='ltr'><strong>perversione.</strong></span> 
     </span>
     <span class='ocr_line' id='line_1_40' title="bbox 81 1784 1645 1825; baseline -0.004 -6"><span class='ocrx_word' id='word_1_414' title='bbox 81 1789 143 1819; x_wconf 87' lang='lat' dir='ltr'><strong>Sed</strong></span> <span class='ocrx_word' id='word_1_415' title='bbox 168 1800 316 1819; x_wconf 87' lang='lat' dir='ltr'><strong>summa</strong></span> <span class='ocrx_word' id='word_1_416' title='bbox 346 1790 468 1819; x_wconf 85' lang='lat' dir='ltr'><strong>ctiam</strong></span> <span class='ocrx_word' id='word_1_417' title='bbox 494 1789 626 1819; x_wconf 84' lang='lat' dir='ltr'><strong>miscere</strong></span> <span class='ocrx_word' id='word_1_418' title='bbox 656 1790 793 1818; x_wconf 83' lang='lat' dir='ltr'><strong>Fortuna</strong></span> <span class='ocrx_word' id='word_1_419' title='bbox 824 1797 905 1816; x_wconf 89' lang='lat' dir='ltr'><strong>nunc</strong></span> <span class='ocrx_word' id='word_1_420' title='bbox 935 1787 1049 1816; x_wconf 81' lang='lat' dir='ltr'><strong>dicitur</strong></span> <span class='ocrx_word' id='word_1_421' title='bbox 1078 1787 1169 1825; x_wconf 81' lang='lat' dir='ltr'><strong>longe</strong></span> <span class='ocrx_word' id='word_1_422' title='bbox 1198 1784 1343 1824; x_wconf 78' lang='lat' dir='ltr'><strong>graviore</strong></span> <span class='ocrx_word' id='word_1_423' title='bbox 1373 1784 1524 1813; x_wconf 80' lang='lat' dir='ltr'><strong>oratione.</strong></span> <span class='ocrx_word' id='word_1_424' title='bbox 1568 1785 1645 1813; x_wconf 87' lang='lat' dir='ltr'><strong>Nam</strong></span> 
     </span>
     <span class='ocr_line' id='line_1_41' title="bbox 79 1825 1644 1871; baseline -0.004 -11"><span class='ocrx_word' id='word_1_425' title='bbox 79 1833 147 1871; x_wconf 86' lang='lat' dir='ltr'><strong>ipsa</strong></span> <span class='ocrx_word' id='word_1_426' title='bbox 170 1832 296 1871; x_wconf 83' lang='lat' dir='ltr'><strong>generis</strong></span> <span class='ocrx_word' id='word_1_427' title='bbox 318 1831 447 1860; x_wconf 86' lang='lat' dir='ltr'><strong>humani</strong></span> <span class='ocrx_word' id='word_1_428' title='bbox 467 1831 590 1871; x_wconf 66' lang='lat' dir='ltr'><strong>fastigia</strong></span> <span class='ocrx_word' id='word_1_429' title='bbox 614 1830 748 1870; x_wconf 77' lang='lat' dir='ltr'><strong>appetit3</strong></span> <span class='ocrx_word' id='word_1_430' title='bbox 772 1829 888 1870; x_wconf 89' lang='lat' dir='ltr'><strong>quippe</strong></span> <span class='ocrx_word' id='word_1_431' title='bbox 900 1828 1032 1857; x_wconf 89' lang='lat' dir='ltr'><strong>Sabinus</strong></span> <span class='ocrx_word' id='word_1_432' title='bbox 1054 1828 1091 1856; x_wconf 89' lang='lat' dir='ltr'><strong>ad</strong></span> <span class='ocrx_word' id='word_1_433' title='bbox 1112 1827 1237 1856; x_wconf 84' lang='lat' dir='ltr'><strong>domum</strong></span> <span class='ocrx_word' id='word_1_434' title='bbox 1251 1825 1484 1865; x_wconf 72' lang='lat' dir='ltr'><strong>imperatoriam</strong></span> <span class='ocrx_word' id='word_1_435' title='bbox 1497 1825 1644 1864; x_wconf 73' lang='lat' dir='ltr'><strong>pertinet,</strong></span> 
     </span>
     <span class='ocr_line' id='line_1_42' title="bbox 81 1870 1009 1913; baseline -0.004 -11"><span class='ocrx_word' id='word_1_436' title='bbox 81 1882 161 1913; x_wconf 85' lang='lat' dir='ltr'><strong>quae</strong></span> <span class='ocrx_word' id='word_1_437' title='bbox 185 1883 280 1913; x_wconf 86' lang='lat' dir='ltr'><strong>saepe</strong></span> <span class='ocrx_word' id='word_1_438' title='bbox 301 1883 442 1903; x_wconf 83' lang='lat' dir='ltr'><strong>summa</strong></span> <span class='ocrx_word' id='word_1_439' title='bbox 467 1879 522 1908; x_wconf 81' lang='lat' dir='ltr'><strong>est,</strong></span> <span class='ocrx_word' id='word_1_440' title='bbox 545 1879 578 1901; x_wconf 90' lang='lat' dir='ltr'><strong>ut</strong></span> <span class='ocrx_word' id='word_1_441' title='bbox 599 1882 717 1901; x_wconf 78' lang='lat' dir='ltr'><strong>summa</strong></span> <span class='ocrx_word' id='word_1_442' title='bbox 740 1870 864 1901; x_wconf 83' lang='lat' dir='ltr'><strong>fortuna</strong></span> <span class='ocrx_word' id='word_1_443' title='bbox 887 1876 918 1899; x_wconf 89' lang='lat' dir='ltr'><strong>et</strong></span> <span class='ocrx_word' id='word_1_444' title='bbox 940 1870 1009 1899; x_wconf 84' lang='lat' dir='ltr'><strong>alia.</strong></span> 
     </span>
    </p>

    <p class='ocr_par' dir='ltr' id='par_1_12' title="bbox 232 1917 1642 1963">
     <span class='ocr_line' id='line_1_43' title="bbox 232 1917 1642 1963; baseline -0.007 -8"><span class='ocrx_word' id='word_1_445' title='bbox 232 1925 342 1956; x_wconf 68' lang='lat' dir='ltr'><strong>nist.</strong></span> <span class='ocrx_word' id='word_1_446' title='bbox 362 1927 435 1957; x_wconf 73' lang='lat' dir='ltr'><strong>HV.</strong></span> <span class='ocrx_word' id='word_1_447' title='bbox 456 1933 489 1955; x_wconf 76' lang='lat' dir='ltr'><strong>c.</strong></span> <span class='ocrx_word' id='word_1_448' title='bbox 512 1924 588 1955; x_wconf 63' lang='grc'><strong>48.</strong></span> <span class='ocrx_word' id='word_1_449' title='bbox 631 1923 795 1963; x_wconf 76' lang='lat' dir='ltr'><strong>„Valerius</strong></span> <span class='ocrx_word' id='word_1_450' title='bbox 810 1924 931 1959; x_wconf 86' lang='lat' dir='ltr'><strong>Festus,</strong></span> <span class='ocrx_word' id='word_1_451' title='bbox 952 1926 1154 1961; x_wconf 86' lang='lat' dir='ltr'><strong>sumptuosae</strong></span> <span class='ocrx_word' id='word_1_452' title='bbox 1169 1918 1394 1949; x_wconf 78' lang='lat' dir='ltr'><strong>adolescentiae</strong></span> <span class='ocrx_word' id='word_1_453' title='bbox 1406 1927 1506 1958; x_wconf 84' lang='lat' dir='ltr'><strong>neque</strong></span> <span class='ocrx_word' id='word_1_454' title='bbox 1521 1917 1642 1947; x_wconf 84' lang='lat' dir='ltr'><strong>modica</strong></span> 
     </span>
    </p>
   </div>
   <div class='ocr_carea' id='block_1_10' title="bbox 82 1965 1642 2046">
    <p class='ocr_par' dir='ltr' id='par_1_13' title="bbox 82 1965 1642 2046">
     <span class='ocr_line' id='line_1_44' title="bbox 82 1965 1622 2006; baseline -0.005 -11"><span class='ocrx_word' id='word_1_455' title='bbox 82 1967 224 2006; x_wconf 76' lang='lat' dir='ltr'><strong>cupiens,</strong></span> <span class='ocrx_word' id='word_1_456' title='bbox 247 1967 312 2001; x_wconf 89' lang='lat' dir='ltr'><strong>sed</strong></span> <span class='ocrx_word' id='word_1_457' title='bbox 336 1966 496 1996; x_wconf 82' lang='lat' dir='ltr'><strong>adfinitate</strong></span> <span class='ocrx_word' id='word_1_458' title='bbox 520 1966 639 1996; x_wconf 81' lang='lat' dir='ltr'><strong>Vitellii</strong></span> <span class='ocrx_word' id='word_1_459' title='bbox 661 1965 798 1994; x_wconf 78' lang='lat' dir='ltr'><strong>anxius.“</strong></span> <span class='ocrx_word' id='word_1_460' title='bbox 1616 1999 1622 2005; x_wconf 37' lang='lat'>⁸</span> 
     </span>
     <span class='ocr_line' id='line_1_45' title="bbox 232 2002 1642 2046; baseline -0.008 -8"><span class='ocrx_word' id='word_1_461' title='bbox 232 2008 285 2037; x_wconf 90' lang='lat' dir='ltr'><strong>Sic</strong></span> <span class='ocrx_word' id='word_1_462' title='bbox 310 2008 396 2046; x_wconf 51' lang='lat' dir='ltr'><strong>cod„</strong></span> <span class='ocrx_word' id='word_1_463' title='bbox 430 2014 532 2044; x_wconf 79' lang='lat' dir='ltr'><strong>recte⁷</strong></span> <span class='ocrx_word' id='word_1_464' title='bbox 567 2019 629 2037; x_wconf 87' lang='lat' dir='ltr'><strong>non</strong></span> <span class='ocrx_word' id='word_1_465' title='bbox 653 2013 705 2045; x_wconf 76' lang='lat' dir='ltr'><strong>et⁷</strong></span> <span class='ocrx_word' id='word_1_466' title='bbox 740 2005 825 2046; x_wconf 84' lang='lat' dir='ltr'><strong>quod</strong></span> <span class='ocrx_word' id='word_1_467' title='bbox 853 2005 949 2044; x_wconf 84' lang='lat' dir='ltr'><strong>vulgo</strong></span> <span class='ocrx_word' id='word_1_468' title='bbox 978 2003 1137 2033; x_wconf 86' lang='lat' dir='ltr'><strong>scribitur.</strong></span> <span class='ocrx_word' id='word_1_469' title='bbox 1185 2002 1263 2030; x_wconf 84' lang='lat' dir='ltr'><strong>Nam</strong></span> <span class='ocrx_word' id='word_1_470' title='bbox 1287 2007 1324 2030; x_wconf 82' lang='lat' dir='ltr'><strong>et</strong></span> <span class='ocrx_word' id='word_1_471' title='bbox 1342 2005 1460 2029; x_wconf 85' lang='lat' dir='ltr'><strong>tantum</strong></span> <span class='ocrx_word' id='word_1_472' title='bbox 1487 2005 1642 2029; x_wconf 81' lang='lat' dir='ltr'><strong>contraria</strong></span> 
     </span>
    </p>
   </div>
   <div class='ocr_carea' id='block_1_11' title="bbox 76 2041 1641 2256">
    <p class='ocr_par' dir='ltr' id='par_1_14' title="bbox 78 2041 1641 2132">
     <span class='ocr_line' id='line_1_46' title="bbox 80 2041 1641 2090; baseline -0.007 -12"><span class='ocrx_word' id='word_1_473' title='bbox 80 2048 198 2090; x_wconf 79' lang='lat' dir='ltr'><strong>iungit3</strong></span> <span class='ocrx_word' id='word_1_474' title='bbox 227 2050 294 2079; x_wconf 85' lang='lat' dir='ltr'><strong>sed</strong></span> <span class='ocrx_word' id='word_1_475' title='bbox 317 2050 459 2089; x_wconf 82' lang='lat' dir='ltr'><strong>opponit,</strong></span> <span class='ocrx_word' id='word_1_476' title='bbox 488 2056 521 2079; x_wconf 83' lang='lat' dir='ltr'><strong>ut</strong></span> <span class='ocrx_word' id='word_1_477' title='bbox 543 2049 648 2084; x_wconf 86' lang='lat' dir='ltr'><strong>debet,</strong></span> <span class='ocrx_word' id='word_1_478' title='bbox 674 2048 704 2078; x_wconf 87' lang='lat' dir='ltr'><strong>vi</strong></span> <span class='ocrx_word' id='word_1_479' title='bbox 726 2048 885 2088; x_wconf 82' lang='lat' dir='ltr'><strong>gravi0re3</strong></span> <span class='ocrx_word' id='word_1_480' title='bbox 918 2046 1063 2075; x_wconf 86' lang='lat' dir='ltr'><strong>discimus</strong></span> <span class='ocrx_word' id='word_1_481' title='bbox 1086 2044 1167 2073; x_wconf 88' lang='lat' dir='ltr'><strong>enirn</strong></span> <span class='ocrx_word' id='word_1_482' title='bbox 1191 2042 1344 2083; x_wconf 80' lang='lat' dir='ltr'><strong>capitibus</strong></span> <span class='ocrx_word' id='word_1_483' title='bbox 1365 2041 1530 2086; x_wconf 53' lang='lat' dir='ltr'><strong>proximis,</strong></span> <span class='ocrx_word' id='word_1_484' title='bbox 1565 2051 1641 2080; x_wconf 84' lang='lat' dir='ltr'><strong>quas</strong></span> 
     </span>
     <span class='ocr_line' id='line_1_47' title="bbox 78 2087 947 2132; baseline -0.005 -12"><span class='ocrx_word' id='word_1_485' title='bbox 78 2090 109 2119; x_wconf 88' lang='lat' dir='ltr'><strong>in</strong></span> <span class='ocrx_word' id='word_1_486' title='bbox 132 2096 216 2120; x_wconf 89' lang='lat' dir='ltr'><strong>artes</strong></span> <span class='ocrx_word' id='word_1_487' title='bbox 238 2091 371 2120; x_wconf 73' lang='lat' dir='ltr'><strong>infames</strong></span> <span class='ocrx_word' id='word_1_488' title='bbox 395 2102 431 2121; x_wconf 85' lang='lat' dir='ltr'><strong>ea</strong></span> <span class='ocrx_word' id='word_1_489' title='bbox 454 2091 574 2132; x_wconf 82' lang='lat' dir='ltr'><strong>ignavia</strong></span> <span class='ocrx_word' id='word_1_490' title='bbox 598 2091 725 2119; x_wconf 84' lang='lat' dir='ltr'><strong>Festum</strong></span> <span class='ocrx_word' id='word_1_491' title='bbox 748 2087 947 2128; x_wconf 80' lang='lat' dir='ltr'><strong>compulerit.</strong></span> 
     </span>
    </p>

    <p class='ocr_par' dir='ltr' id='par_1_15' title="bbox 76 2130 1640 2256">
     <span class='ocr_line' id='line_1_48' title="bbox 228 2130 1640 2181; baseline -0.011 -7"><span class='ocrx_word' id='word_1_492' title='bbox 228 2143 338 2174; x_wconf 82' lang='lat' dir='ltr'><strong>nist.</strong></span> <span class='ocrx_word' id='word_1_493' title='bbox 361 2145 434 2174; x_wconf 80' lang='lat' dir='ltr'><strong>lv.</strong></span> <span class='ocrx_word' id='word_1_494' title='bbox 458 2151 492 2173; x_wconf 79' lang='lat' dir='ltr'><strong>e.</strong></span> <span class='ocrx_word' id='word_1_495' title='bbox 513 2141 583 2174; x_wconf 81' lang='lat'><strong>53.</strong></span> <span class='ocrx_word' id='word_1_496' title='bbox 626 2141 729 2181; x_wconf 85' lang='lat' dir='ltr'><strong>„Dein</strong></span> <span class='ocrx_word' id='word_1_497' title='bbox 753 2139 902 2180; x_wconf 85' lang='lat' dir='ltr'><strong>Virgines</strong></span> <span class='ocrx_word' id='word_1_498' title='bbox 926 2138 1069 2171; x_wconf 88' lang='lat' dir='ltr'><strong>Vestales</strong></span> <span class='ocrx_word' id='word_1_499' title='bbox 1094 2154 1131 2160; x_wconf 90' lang='lat'><strong>-·</strong></span> <span class='ocrx_word' id='word_1_500' title='bbox 1155 2146 1234 2177; x_wconf 84' lang='lat' dir='ltr'><strong>aqua</strong></span> <span class='ocrx_word' id='word_1_501' title='bbox 1256 2142 1314 2165; x_wconf 85' lang='lat' dir='ltr'><strong>ter</strong></span> <span class='ocrx_word' id='word_1_502' title='bbox 1338 2133 1442 2164; x_wconf 79' lang='lat' dir='ltr'><strong>vivis</strong></span> <span class='ocrx_word' id='word_1_503' title='bbox 1466 2142 1481 2162; x_wconf 92' lang='lat' dir='ltr'><strong>e</strong></span> <span class='ocrx_word' id='word_1_504' title='bbox 1502 2130 1640 2161; x_wconf 85' lang='lat' dir='ltr'><strong>fontibus</strong></span> 
     </span>
     <span class='ocr_line' id='line_1_49' title="bbox 76 2183 1222 2256; baseline 0 -43"><span class='ocrx_word' id='word_1_505' title='bbox 76 2183 284 2225; x_wconf 81' lang='lat' dir='ltr'><strong>amnibusque</strong></span> <span class='ocrx_word' id='word_1_506' title='bbox 308 2184 416 2214; x_wconf 84' lang='lat' dir='ltr'><strong>hausta</strong></span> <span class='ocrx_word' id='word_1_507' title='bbox 439 2184 613 2224; x_wconf 71' lang='lat' dir='ltr'><strong>pluere.²‘</strong></span> <span class='ocrx_word' id='word_1_508' title='bbox 1203 2225 1222 2256; x_wconf 73' lang='lat'>4</span> 
     </span>
    </p>
   </div>
  </div>
 </body>
</html>
