1794 2318
244 197 432 227 Placatos
455 207 494 228 ex
517 198 717 240 interpolatis
740 202 833 231 etiam
856 212 939 231 nunc
961 202 1051 232 multi
1072 202 1267 243 praeferunt,
1296 211 1482 243 quamquam
1505 200 1543 232 de
1563 200 1666 242 probo

92 239 196 280 piati
221 250 276 269 usu
298 239 430 269 dubium
453 250 523 270 esse
545 252 606 271 non
631 249 744 282 potest.
790 244 867 273 Cod.
891 244 1039 284 platos,
1073 245 1123 274 cui
1150 243 1311 273 recentior
1332 254 1438 272 manus
1460 242 1665 283 (Beroaldiss')

93 280 319 320 superscripsit
347 291 400 312 ca.
444 282 541 312 Furia
567 283 645 313 haec
674 285 775 314 addit:
812 285 884 320 „Sic
914 286 1139 325 (placatos)
1177 291 1336 315 recentior
1364 294 1488 322 manus3
1521 284 1576 314 sed
1603 284 1665 324 legi

58 347 62 350 .
94 323 187 352 etiam
208 328 315 363 potest
337 323 484 362 piatos,
507 335 576 354 nam
599 326 736 365 scriptor
757 326 874 357 codicis
898 328 908 355 i
930 334 957 357 et
978 328 988 356 I
1010 338 1109 367 prope
1132 327 1257 363 similes,
1286 327 1348 356 imo
1368 325 1483 355 similes
1506 324 1666 355 interdum

66 396 69 397 7
94 364 174 394 solet
197 374 333 395 exarare.
357 365 512 405 scriptura
537 367 618 396 enim
638 368 756 397 codicis
778 368 1006 409 longobardica
1030 373 1107 398 est.“

247 415 359 448 Ibid.
403 417 488 455 „Nec
520 427 558 447 eo
586 419 711 459 segnius
742 420 947 460 propinquos,
975 420 1102 459 adfines,
1136 420 1249 450 fratres
1278 418 1477 449 trucidati
1500 418 1665 458 spoliant.“

93 455 263 498 Corrigunt
284 457 531 494 trucidatos,
555 461 685 500 propius
708 471 786 491 vero
811 461 905 490 fuemt
927 462 1131 491 trucidant
1153 469 1188 492 et
1209 461 1353 501 spoliant.

158 550 164 557 ·
243 509 353 542 nist.
381 510 469 542 111.
504 520 538 542 e.
569 512 639 544 32.
709 514 864 553 „Tempus
894 524 1020 555 quoque
1048 521 1204 544 mercatus
1234 513 1331 542 ditem
1361 511 1479 553 alioqui
1508 510 1665 541 coloniam

93 560 282 581 maiorem
305 562 398 592 opum
422 553 528 593 specie
552 554 762 594 complebat.“

241 603 447 634 Consentiunt
476 605 506 634 in
536 605 643 635 vitium
675 606 746 635 cod.
774 612 805 635 et
829 606 875 636 ed.
899 606 982 646 Spir.
1003 607 1145 636 Putariui
1175 606 1348 643 coloniam,
1388 612 1422 635 ut
1449 604 1501 644 fit,
1531 603 1663 633 traxisse

89 641 280 674 adiectivum
304 645 482 686 insequens,
504 647 699 677 reddendum
719 658 777 677 suo
799 648 925 683 nomini,
948 648 1091 688 specie.
1114 658 1149 677 ea
1165 649 1258 685 enim,
1280 648 1408 687 species,
1431 647 1532 675 maior
1547 644 1663 674 divitiis

88 685 183 715 veris.
227 687 336 725 Itaque
359 697 430 717 cum
455 688 520 717 aliis
543 689 643 728 legam
663 689 842 728 „maiore
865 699 960 729 opum
983 691 1089 729 specie
1113 689 1322 729 complebat.“
1345 689 1397 717 alii
1421 687 1614 716 maiorum.

241 737 353 768 Ibid.
399 737 476 767 Cod.
500 740 625 777 „statim
647 740 799 776 futurum,
819 747 853 769 ut
874 741 1122 770 inolesceret
1144 740 1219 774 (sic)
1242 751 1260 769 η
1282 749 1421 779 superse.
1471 737 1536 767 Sed
1558 737 1663 777 singu-

89 777 165 807 laris
184 788 248 807 non
270 778 372 807 minus
395 785 487 817 aptus
510 786 566 808 est.

236 830 347 862 nist.
370 830 457 862 ΙΙΙ.
482 839 515 876 53.
539 829 615 862 34.
657 830 739 869 „Hic
763 830 861 860 exitus
884 831 1110 861 Cremonam
1134 840 1214 860 anno
1237 829 1454 860 ducentesimo
1468 828 1661 870 sexagesimo

486 878 493 891 Ι

87 902 177 926 sexto
200 907 217 925 a
240 895 417 936 primordio
441 898 528 927 suo.“

238 948 282 976 Ita
313 947 397 977 hunc
430 948 536 978 locum
569 954 657 978 notat
689 948 793 977 Furia.
850 948 896 977 Ac
931 958 1023 987 posse
1057 949 1243 978 Cremonam
1284 948 1415 982 servari,
1453 958 1515 978 non
1540 946 1659 977 dubito.

84 989 160 1019 Dici
188 988 271 1018 enim
300 999 362 1018 non
393 996 511 1029 potest,
548 1001 641 1031 quam
672 990 731 1020 late
757 989 944 1019 reticentiae
973 990 1094 1019 indoles
1131 992 1226 1031 (quae
1254 989 1304 1019 hic
1333 1000 1398 1021 acc.
1430 989 1660 1018 Cremonam

84 1030 226 1072 peperit)
251 1039 308 1070 per
331 1031 435 1060 omnia
459 1032 611 1061 orationis
634 1042 751 1072 genera
774 1037 805 1059 et
828 1031 857 1059 iu
881 1031 1026 1060 familiari
1047 1041 1203 1068 sermone,
1227 1037 1257 1060 et
1279 1032 1309 1060 in
1334 1030 1458 1069 affectu⁷
1481 1036 1511 1059 et
1535 1029 1564 1058 in
1588 1029 1659 1060 ioco

87 1072 170 1112 apud
195 1073 354 1102 Romanos
378 1079 496 1112 pateat,
531 1079 563 1102 et
585 1079 782 1113 quantopere
803 1082 857 1111 per
881 1079 1025 1113 quartum
1050 1083 1154 1105 casum
1178 1073 1278 1103 oculis
1302 1072 1435 1113 quodam
1461 1071 1555 1101 modo
1579 1071 1659 1110 aspi-

87 1122 160 1144 cere
180 1124 228 1143 res
256 1114 389 1151 soleant,
424 1125 501 1155 quas
531 1121 635 1144 mente
661 1114 853 1153 concipiunt.
903 1114 998 1154 quue
1024 1114 1123 1153 probe
1150 1116 1172 1143 1.
1199 1115 1295 1144 Gron.
1323 1114 1353 1143 in
1382 1119 1523 1142 nostrum
1551 1112 1659 1142 locum

86 1155 204 1186 cadere
227 1155 389 1185 intellexit.

234 1207 343 1238 Hist-
365 1207 451 1238 111.
476 1215 510 1237 c.
534 1206 608 1238 39.
651 1207 782 1246 „Blaeso
803 1216 899 1246 super
922 1207 1096 1237 claritatem
1120 1207 1268 1237 natalium
1292 1214 1323 1237 et
1336 1206 1521 1248 elegantiam
1534 1215 1658 1236 morum

84 1247 188 1278 fidei
210 1247 434 1278 obstinatio
459 1248 545 1277 fuitss

234 1299 286 1328 Ad
314 1300 412 1330 verba
443 1299 543 1330 fidei
572 1298 798 1329 obstinatio
828 1299 922 1328 Furia
952 1306 1054 1329 notat:
1090 1299 1140 1337 „in
1160 1310 1260 1340 marg.
1283 1299 1350 1328 ead.
1373 1308 1459 1329 man:
1488 1298 1553 1333 alii,
1582 1296 1657 1327 fides

85 1341 271 1371 obstinata.“
326 1342 410 1370 Hinc
437 1342 548 1383 aliquis
579 1341 725 1372 coniiciat
751 1351 766 1368 a
795 1341 905 1369 Tacito
937 1352 1018 1373 esse:
1050 1340 1155 1370 fides
1185 1341 1386 1371 obstinata
1413 1340 1555 1375 obfuit3
1584 1338 1657 1367 inde

85 1382 311 1413 obstinatio
348 1383 424 1412 fuit
469 1390 642 1423 peccatum.
708 1382 820 1413 lbid.
857 1392 926 1411 cum
954 1384 1058 1423 Lipsio
1092 1383 1290 1423 „notabili
1323 1382 1461 1423 εὸειικᾘοιι
1498 1381 1656 1421 legerem3

84 1424 235 1465 nobili7
259 1423 343 1464 quod
369 1424 441 1453 libri
463 1424 589 1464 habent,
612 1425 662 1454 vix
684 1424 780 1453 latine
804 1424 927 1453 dicitur.

234 1476 344 1508 nist.
366 1476 453 1508 ΙΙΙ.
478 1486 511 1506 (⁶.
535 1476 610 1507 42.
660 1477 903 1515 „Appenninis
931 1476 1041 1515 ἰιυρςίςιέι
1070 1485 1109 1504 ex
1132 1476 1200 1505 codt
1226 1483 1326 1505 teneo.
1377 1473 1575 1513 Appennini
1605 1471 1656 1500 alii

81 1518 218 1565 malunt,
249 1518 334 1557 quod
352 1520 400 1565 ‘ita
425 1517 491 1547 aliis
516 1518 593 1547 locis
617 1517 744 1547 Tacitus
768 1517 858 1556 dieit3
888 1517 943 1547 sed
966 1517 1013 1546 his
1036 1517 1125 1547 etiam
1148 1517 1179 1546 in
1203 1517 1294 1547 rebus
1318 1527 1386 1546 eum
1409 1516 1509 1544 libere
1534 1513 1655 1544 variare

85 1566 261 1591 orationem
286 1570 441 1588 novmius.

232 1617 340 1649 nist.
364 1617 453 1647 III.
476 1626 509 1647 c.
531 1615 606 1648 43.
649 1617 917 1652 „Foroiuliensem
934 1616 1106 1654 Coloniam,
1130 1616 1262 1645 claustra
1285 1616 1355 1644 iam
1371 1615 1474 1651 maris,
1496 1611 1654 1653 praesidio

82 1657 260 1689 tuebatur.‘⁵
310 1658 503 1688 Assumenda
535 1668 572 1686 ex
596 1658 671 1690 .cod.
703 1658 793 1694 iam,
839 1669 931 1698 quam
962 1657 1028 1686 ead.
1058 1668 1137 1686 man.
1167 1658 1409 1697 superscriptam
1435 1657 1525 1685 Furia¹
1559 1659 1652 1683 notat.

115 1709 281 1740 uamquam
305 1701 387 1728 enim
412 1701 476 1729 illic
502 1706 652 1739 perpetua
675 1700 801 1728 navium
826 1699 918 1729 statio
936 1705 1025 1735 erat,
1062 1699 1198 1728 claustra
1227 1706 1327 1728 tamen
1358 1698 1450 1726 maris
1477 1704 1541 1726 tum
1570 1696 1653 1724 facta

82 1747 141 1781 est,
160 1747 340 1781 temporum
364 1741 551 1771 rationibus.

202 1840 204 1843 .
230 1805 343 1836 lbid.
386 1805 498 1849 „Quae
522 1804 589 1833 ubi
613 1809 723 1843 paratu
747 1803 837 1832 firma
859 1820 899 1825 —
922 1801 1140 1832 increbueref*
1190 1802 1265 1832 Cod.
1289 1801 1342 1838 ui;
1365 1800 1448 1830 unde
1471 1799 1574 1828 malim
1597 1804 1652 1835 ut;

81 1853 176 1884 saepe
199 1845 282 1874 enim
306 1847 330 1884 i,
352 1847 377 1882 l,
401 1854 410 1875 t
433 1857 448 1874 a
473 1845 602 1875 librario
625 1845 876 1874 commiscentur.
915 1844 1067 1872 Similiter
1089 1854 1114 1873 c.
1138 1842 1193 1873 56:
1223 1853 1301 1879 „nec
1325 1848 1363 1871 ut
1387 1841 1474 1870 feriri
1498 1851 1563 1869 mos
1587 1843 1652 1869 est“

78 1892 168 1915 recte
191 1887 372 1927 corrigitur,
395 1896 466 1916 cum
488 1887 556 1917 cod.
578 1886 617 1915 ui
640 1893 760 1926 peccet.
804 1885 905 1916 Etiam
930 1886 991 1923 lV.‚
1013 1885 1068 1915 22:
1091 1895 1222 1924 „parum
1245 1883 1418 1924 provisum,
1442 1881 1478 1911 ui
1501 1883 1534 1917 (i.
1548 1891 1571 1910 e.
1593 1881 1651 1919 ut)

79 1926 191 1967 copiae
213 1928 500 1958 conveherenturf‘
625 1962 629 1963 ⁷

228 1979 338 2012 nist.
368 1981 456 2011 111.
487 1990 521 2011 e.
551 1978 625 2010 44.
679 1979 740 2017 „Et
770 1977 962 2007 Britanniam
990 1977 1168 2007 indictus
1204 1987 1277 2017 erga
1304 1974 1530 2015 Vespasianum
1560 1972 1651 2002 savor

76 2019 160 2061 quod
181 2019 248 2049 illic
270 2038 311 2044 --
334 2021 420 2052 bello
445 2022 548 2051 clarus
573 2026 682 2059 egerat
706 2037 744 2042 ——
768 2018 937 2048 adiunxit.“

224 2070 344 2103 Vocem
366 2074 513 2104 vitiosam
537 2072 674 2102 nondum
699 2071 862 2112 quisquam
884 2070 1046 2110 corrigere
1068 2069 1189 2110 potuit,
1224 2074 1260 2098 ut
1282 2068 1348 2097 aliis
1370 2067 1515 2107 placeret.
1559 2064 1651 2104 Vide,

73 2122 113 2142 an
135 2122 196 2155 ego
217 2123 329 2145 verum
351 2114 501 2148 viderim:
524 2114 638 2154 „iude
662 2113 786 2142 initus
809 2130 849 2135 --
871 2112 992 2142 favor.“
