1794 2318
726 117 779 123 .-.
856 92 884 131 5
960 117 1012 124 -.

232 196 343 227 llist.
366 195 427 226 11.
452 204 486 226 (3.
511 193 583 227 10.
626 195 725 234 „Nam
749 204 872 236 recens,
902 196 1019 227 Galbae
1042 198 1232 239 principatu,
1264 209 1453 233 censuerant
1474 211 1591 245 patres,
1623 213 1658 237 ut

79 244 299 269 accusatorum
328 247 441 267 causae
471 243 690 268 noscerentur.
751 237 786 266 Id
813 245 939 268 senatus
967 241 1144 270 consultum
1175 241 1265 272 varie
1295 243 1443 274 iactatum
1471 253 1516 283 et.,
1562 254 1658 287 prout

76 287 190 321 potens
216 280 267 309 vel
291 280 381 319 inops
398 289 467 309 reus
484 279 647 315 inciderat,
672 278 832 309 infirmum
848 287 900 311 aut
912 281 1051 312 validum
1074 283 1277 314 retinebat
1300 285 1345 314 ad
1367 285 1466 316 huuc
1488 289 1656 319 terroris

77 328 110 353 et
130 322 261 363 propria
284 322 315 352 vi
339 321 468 361 Crispus
492 321 677 350 incubuerat
700 327 757 351 etc.

229 375 272 403 Ita
295 373 377 402 hunc
398 373 505 402 locum
529 372 598 402 cod.
622 372 760 403 exhibet.
804 374 978 414 Corrigunt
1000 375 1160 416 plerique:
1184 376 1218 405 ld
1241 377 1272 406 S.
1287 378 1319 407 C.
1334 396 1376 401 —
1397 380 1656 411 retinebatur.

77 415 136 445 Ad
158 415 230 445 hoc
253 414 423 445 terroris
447 421 479 444 et
501 415 630 454 propria
654 415 684 445 vi
707 421 766 445 etc.
817 416 866 445 De
886 427 949 456 quo
967 423 1000 446 ut
1021 427 1094 446 acre
1117 418 1265 447 iudicium
1289 419 1424 459 feratur,
1457 422 1498 451 ita
1521 423 1657 462 disput00

76 458 136 487 Est
158 457 198 496 de
221 456 421 486 accusatione
442 457 548 485 Fausti
572 456 751 486 accuratius
775 457 997 497 disputaturus.
1052 461 1131 488 Nam
1159 460 1209 499 „in
1235 461 1358 492 civitate
1381 463 1520 493 discordi
1544 474 1657 503 parvae

78 497 206 539 quoq'ue
227 507 277 527 res
301 498 421 538 magnis
445 497 580 528 motibus
604 498 809 539 agebantur.⁴⁴
851 499 948 540 Igitur
970 507 998 530 et
1022 511 1100 541 quae
1117 507 1191 530 tunc
1214 502 1391 541 respublica
1415 505 1508 535 suerit
1530 511 1559 536 et
1581 505 1657 546 quid

77 545 245 569 accusator
271 539 339 579 ipse
369 540 524 579 potuerit,
560 540 703 570 oratione
733 540 878 580 bipartita
908 541 1049 582 seiungit.
1112 543 1352 583 Rempul)licam
1388 546 1542 576 incertam
1576 547 1657 576 inter

78 581 255 611 libertatem
279 590 315 609 ac
339 581 499 610 licentiam
524 581 583 609 iam
608 582 758 622 tetigerat
782 583 876 621 paulo
901 594 1003 623 supra.
1046 585 1155 624 Itaque
1178 596 1260 614 nunc
1289 596 1397 616 recens
1428 595 1536 617 contra
1566 598 1657 617 accu-

77 629 195 653 satores
218 622 336 652 factum
360 629 485 652 senatus
509 623 685 652 consultum
709 624 848 663 profert3
872 630 966 665 atque
988 631 1107 654 tantum
1130 626 1159 654 id
1184 626 1288 665 habet7
1308 634 1342 656 ut
1364 629 1538 659 orationem
1556 630 1595 658 de
1617 639 1656 659 eo

76 665 107 694 in
130 664 192 694 duo
216 664 358 693 membra
382 664 523 694 dirimat:
553 665 677 694 Recens
700 672 774 695 erat.
818 665 852 694 Id
875 666 1029 696 retinebat
1048 685 1089 689 —
1112 668 1179 696 Nec
1201 668 1368 698 immerito.
1419 671 1549 700 Factum
1573 671 1656 701 enim

77 712 144 736 erat
167 705 288 735 Galbae
311 706 500 746 principatu,
522 707 728 736 exercebatur
750 712 814 735 tum
839 706 896 735 sub
921 707 1064 745 Othone3
1093 709 1256 749 utriusque
1278 717 1380 740 autem
1405 719 1516 742 natura
1540 713 1656 752 dispar.

76 748 186 777 Altera
212 747 309 787 igitur
336 758 407 787 pars
439 748 605 777 orationis:
644 748 698 787 „ld
727 748 910 785 retinebat&
943 749 1087 787 docebit,
1122 751 1196 790 quid
1228 752 1405 782 mutationis
1441 753 1497 782 sub
1528 753 1657 784 Othone

77 789 210 820 Neronis
234 788 327 818 simili
350 789 381 818 id
405 789 436 818 S.
460 790 494 818 C.
518 800 643 829 passum
667 790 705 819 sit
726 791 772 819 vel
796 790 869 830 quid
894 791 1068 820 retinuerit.
1118 792 1181 820 lam
1206 792 1232 821 si
1255 792 1333 822 haec
1356 795 1459 823 omnia
1484 802 1546 824 tam
1570 801 1657 825 certa

78 837 159 868 sunt,
182 837 214 860 ut
229 830 306 860 nihil
322 836 433 860 contra
457 830 519 859 dici
535 837 640 871 queat,
663 841 857 872 consequens
873 837 930 868 est,
952 839 986 862 ut
1000 843 1032 862 ea
1050 834 1203 862 correctio
1219 845 1310 874 quam
1327 835 1466 876 plerique
1483 843 1658 878 sequuntur

76 882 228 912 perversa
251 882 320 901 esse
342 872 463 902 debeat.
514 873 603 901 Haec
626 873 709 902 enim
732 873 950 902 nanciscimur.
999 876 1122 904 Recens
1151 881 1215 904 erat
1243 876 1273 905 S.
1304 877 1337 906 C.
1388 878 1423 906 Id
1452 878 1657 908 retinebatur.

79 913 143 943 Sed
166 913 192 942 si
218 913 295 942 nihil
322 913 404 943 aliud
435 913 552 944 docere
579 914 720 952 volebat,
759 926 820 944 non
844 925 918 943 sane
942 915 971 943 in
996 916 1057 945 duo
1082 917 1258 946 orationem
1279 918 1420 947 membra
1445 919 1656 949 dissecuisset.

76 956 120 984 Et
142 955 216 984 dum
239 955 292 984 hic
316 955 461 994 demunt,
495 966 558 996 quo
588 965 699 986 carere
724 967 785 986 non
811 966 990 996 possumus:
1025 957 1101 998 quid
1126 958 1204 987 illud
1227 958 1258 987 S.
1283 960 1316 988 C.
1342 960 1527 995 retinuerit,
1567 962 1657 990 alteri

77 996 225 1027 orationis
248 996 329 1036 parti
350 997 381 1025 id
406 997 539 1033 addunt,
582 996 678 1038 quod*
701 997 739 1027 ad
761 1008 828 1027 eam
853 1009 914 1027 non
938 999 1085 1037 pertinet.
1129 1001 1207 1028 Nam
1231 1007 1300 1039 post
1322 1001 1547 1041 rempublicam
1571 1002 1658 1033 addit

78 1038 119 1067 de
140 1038 273 1078 propria
296 1038 437 1078 potentia
460 1038 560 1070 Vibii=
595 1040 657 1077 „Et
678 1039 809 1079 propria
832 1039 864 1069 vi
887 1040 1013 1080 Crispus
1034 1040 1229 1071 incubuerat.
1280 1041 1330 1070 Ad
1363 1043 1448 1083 quod
1478 1044 1569 1083 plane
1599 1054 1656 1074 suo

76 1089 169 1110 more
190 1079 294 1119 pergit
319 1089 378 1119 per
405 1081 467 1116 Et,
503 1080 628 1121 quando
658 1081 779 1120 insigne
802 1081 930 1121 aliquod
954 1081 1195 1111 additamentum
1218 1083 1347 1122 profert.
1391 1085 1469 1114 Eam
1493 1095 1570 1114 vero
1594 1085 1657 1115 vim

77 1121 215 1151 orationi
243 1121 336 1160 plane
363 1121 515 1161 eripiunt⁷
546 1121 621 1150 dum
648 1121 806 1151 scribunt:
837 1122 908 1158 „Ad
938 1122 999 1152 hoc
1030 1124 1159 1154 terroris
1185 1131 1215 1153 et
1236 1124 1359 1164 Crispi“
1381 1132 1440 1157 etc.
1484 1127 1540 1156 Est
1563 1126 1657 1167 igitur

77 1172 173 1192 unum
196 1162 424 1202 corrigendum
451 1162 511 1202 „ad
534 1162 618 1192 hunc
640 1165 800 1193 terroris.“
841 1164 875 1192 In
905 1164 1128 1205 quopprimum
1151 1176 1212 1195 nou
1237 1165 1362 1202 dubito,
1398 1168 1472 1207 quin
1496 1167 1657 1198 Acidalius

79 1210 112 1234 et
139 1203 292 1235 Walther
325 1214 437 1234 verum
476 1204 621 1239 viderint,
662 1205 716 1245 qui
754 1204 907 1234 scribunt:
953 1206 1111 1235 retinebat
1147 1205 1284 1236 adhuc.
1343 1209 1420 1237 Nam
1462 1209 1657 1239 desideratur

80 1245 217 1277 Othonis
246 1245 348 1286 aliqua
376 1246 494 1276 mentio
523 1252 552 1275 et
581 1246 806 1286 imperatorum
839 1246 1015 1283 antithesis,
1053 1258 1146 1288 quam
1169 1258 1262 1287 supra
1284 1248 1464 1281 induxerat:
1501 1252 1657 1291 „Recens,

80 1287 202 1317 Galbae
231 1286 443 1327 principatu.“
492 1286 661 1317 Difficilius
691 1294 792 1317 autem
821 1288 969 1317 iudicium
999 1295 1045 1318 est
1068 1288 1107 1318 de
1131 1289 1268 1328 genitivo
1291 1291 1437 1325 terroris,
1472 1292 1527 1332 qui
1548 1292 1657 1321 itidem

81 1329 120 1358 ad
142 1328 223 1358 hanc
247 1328 467 1368 complendam
491 1329 678 1358 sententiam
700 1328 887 1358 referendus
911 1336 966 1359 est.
1011 1330 1089 1358 Nam
1113 1337 1163 1359 aut
1184 1331 1282 1370 possis
1307 1331 1465 1371 scribere,
1502 1333 1659 1363 retinebat

82 1370 185 1399 adhuc
208 1375 419 1399 terrorem.
464 1371 543 1398 Cum
566 1370 646 1399 enim
671 1370 719 1398 ed.
733 1371 814 1409 Spir.
838 1377 998 1401 terrore
1021 1371 1150 1407 referat,
1174 1378 1304 1410 apparet
1327 1372 1356 1401 in
1378 1372 1442 1402 fine
1465 1373 1553 1404 huius
1572 1375 1657 1405 vocis

84 1421 152 1441 esse
167 1410 369 1450 trepidatum.
413 1410 475 1439 Sed
491 1410 677 1440 deminuisse
692 1410 754 1439 vim
770 1411 913 1441 Tacitum
928 1412 1064 1452 genitivo
1088 1413 1257 1442 admodum
1281 1420 1324 1442 est
1341 1413 1518 1453 probabile.
1562 1417 1660 1456 Igitur

82 1453 174 1482 malis
197 1453 331 1481 fortasse
354 1461 501 1482 servare:
530 1452 690 1481 retinebat
711 1451 812 1482 adhuc
842 1453 1030 1492 terroris⁷
1053 1453 1138 1493 quod
1161 1453 1238 1482 fecit
1260 1454 1423 1484 Walther.
1466 1457 1529 1485 Sed
1553 1468 1660 1497 quam-

84 1504 178 1536 quam
199 1493 329 1522 dubium
352 1504 415 1523 non
438 1500 497 1532 est,
537 1493 611 1534 quin
635 1501 665 1523 et
687 1494 759 1523 insit
784 1494 814 1522 in
838 1494 976 1534 genitivo
1008 1495 1054 1524 vis
1085 1504 1121 1524 ea
1149 1495 1314 1534 partitiva,
1340 1506 1432 1535 quam
1455 1497 1605 1528 Walther
1627 1498 1658 1527 in

83 1541 187 1577 partes
208 1534 360 1570 vocabat,
398 1541 426 1564 et
448 1534 548 1564 Taciti
571 1544 649 1565 aevo
673 1545 709 1563 ea
732 1535 821 1564 huius
845 1545 935 1565 casus
964 1542 1101 1574 potestas
1123 1536 1283 1575 insigniter
1312 1537 1350 1565 sit
1372 1545 1479 1570 aucta.
1525 1539 1658 1569 similem

83 1584 189 1608 tamen
219 1582 409 1606 structuram
437 1586 499 1605 non
529 1587 579 1606 me
607 1577 711 1616 legere
740 1576 874 1606 memini.
917 1577 1005 1606 Unde
1033 1587 1092 1617 ego
1123 1586 1234 1606 vocem
1265 1578 1415 1608 excidisse
1444 1585 1521 1618 puto
1551 1591 1586 1610 ac
1614 1581 1659 1610 sic

84 1618 154 1649 fere
183 1617 368 1658 legendum:
400 1617 454 1657 „Id
477 1617 508 1647 S.
532 1618 566 1647 C.
592 1634 626 1640 -
651 1617 809 1648 retinebat
838 1617 961 1647 adhuc
997 1618 1152 1659 aliquid
1186 1619 1370 1648 terroris.
1414 1622 1455 1650 Et
1475 1622 1605 1662 propria
1628 1623 1658 1652 vi

85 1660 216 1700 Crispus
238 1658 456 1688 incubuerat.“

236 1722 345 1753 llist.
368 1722 430 1752 11.
453 1731 488 1752 e.
514 1721 586 1753 12.
629 1721 782 1761 „Suedius
798 1721 939 1750 Clemens
956 1720 1124 1749 ambitioso
1148 1720 1283 1760 imperio
1305 1721 1437 1761 regebat
1457 1729 1491 1756 ut
1513 1722 1657 1754 adversus

85 1762 271 1793 modestiam
294 1763 479 1803 disciplinae
502 1763 757 1803 corruptius,
778 1762 820 1792 ita
841 1763 1033 1802 praeliorum
1057 1761 1197 1791 avidus.“

236 1816 282 1844 Ita
303 1815 391 1853 cod.;
416 1815 578 1856 corrigunt
601 1820 836 1854 corruptus,
864 1824 926 1843 non
951 1813 1107 1843 audiendi.
1128 1824 1199 1842 nam
1222 1813 1260 1842 ad
1284 1824 1414 1853 gramm.
1437 1820 1524 1843 recta
1547 1816 1657 1853 oratio,

87 1857 286 1896 „corruptius
310 1857 470 1897 regebat,“
502 1856 540 1885 ad
564 1856 749 1886 seutentiam
773 1855 930 1895 aptissima
953 1861 1008 1884 est.
1060 1854 1222 1884 Adverbio
1253 1855 1333 1883 enim
1364 1855 1523 1896 mitigatur
1553 1867 1657 1897 repre-

87 1896 197 1927 hensio
234 1898 419 1934 Clementis,
459 1897 556 1938 magis
587 1899 696 1935 etiam,
740 1897 764 1926 si
802 1902 925 1936 praeter
961 1896 1228 1936 exspectationem
1256 1896 1444 1925 adiectivum
1479 1899 1657 1937 opponitur,

87 1938 301 1978 „praeliorum
326 1939 464 1977 avidus“;
488 1949 544 1968 eae
567 1948 670 1968 autem
694 1938 843 1968 orationis
866 1944 949 1967 artes
971 1948 1102 1977 prorsus
1126 1947 1164 1966 cx
1179 1937 1280 1966 Taciti
1303 1944 1335 1966 et
1355 1937 1420 1967 eius
1442 1939 1510 1968 aevi
1531 1940 1655 1978 ingenio

88 1985 168 2009 sunt.
210 1980 316 2010 Utitur
341 1991 421 2011 vero
451 1981 505 2010 illa
535 1980 711 2010 ambitionis
739 1979 982 2019 reprehensione
1011 1978 1148 2016 mitiore,
1187 1979 1260 2018 quia
1298 1989 1403 2008 omnes
1439 1980 1522 2008 viros
1558 1980 1655 2009 fortes

88 2020 277 2062 admiratur,
314 2031 350 2051 ac
379 2033 457 2062 prae
480 2022 617 2051 Antonio
649 2028 680 2051 et
706 2021 858 2058 Aemilio,
895 2020 925 2049 in
956 2031 1034 2061 quos
1059 2021 1123 2049 laus
1147 2030 1180 2049 ea
1205 2030 1265 2049 non
1291 2020 1387 2057 cadit,
1424 2020 1569 2060 insignire
1591 2022 1656 2050 vult

87 2062 251 2092 Suedium.
293 2064 345 2093 Uti
365 2063 428 2101 hic,
450 2063 495 2093 sic
520 2073 546 2093 c.
568 2063 621 2095 23.
644 2063 828 2094 adverbium
850 2069 959 2093 tueor:
982 2062 1143 2102 „Namque
1164 2062 1382 2102 promptius
1406 2061 1499 2091 animi
1521 2063 1657 2092 Marcius

87 2120 128 2126 —-
151 2104 341 2145 gladiatores
363 2123 404 2128 —
427 2105 549 2136 effudit.
1336 2103 1342 2111 ’

1167 2152 1256 2194 (Ῑῆ)
