<?xml version="1.0" encoding="UTF-8"?>
<!DOCTYPE html PUBLIC "-//W3C//DTD XHTML 1.0 Transitional//EN"
    "http://www.w3.org/TR/xhtml1/DTD/xhtml1-transitional.dtd">
<html xmlns="http://www.w3.org/1999/xhtml" xml:lang="en" lang="en">
 <head>
  <title>
</title>
<meta http-equiv="Content-Type" content="text/html;charset=utf-8" />
  <meta name='ocr-system' content='tesseract 3.04.00' />
  <meta name='ocr-capabilities' content='ocr_page ocr_carea ocr_par ocr_line ocrx_word'/>
</head>
<body>
  <div class='ocr_page' id='page_1' title='image "./observationesad00jacouoft_0024.png"; bbox 0 0 1794 2318; ppageno 0'>
   <div class='ocr_carea' id='block_1_1' title="bbox 781 87 1095 124">
    <p class='ocr_par' dir='ltr' id='par_1_1' title="bbox 781 87 1095 124">
     <span class='ocr_line' id='line_1_1' title="bbox 781 87 1095 124; baseline -0.006 -7"><span class='ocrx_word' id='word_1_1' title='bbox 781 109 833 117; x_wconf 82' lang='grc'><strong>-</strong></span> <span class='ocrx_word' id='word_1_2' title='bbox 912 87 966 124; x_wconf 83' lang='lat'><strong>20</strong></span> <span class='ocrx_word' id='word_1_3' title='bbox 1043 108 1095 115; x_wconf 87' lang='grc'><strong>.-</strong></span> 
     </span>
    </p>
   </div>
   <div class='ocr_carea' id='block_1_2' title="bbox 162 178 1729 1334">
    <p class='ocr_par' dir='ltr' id='par_1_2' title="bbox 162 178 1729 1334">
     <span class='ocr_line' id='line_1_2' title="bbox 163 178 1728 224; baseline -0.002 -10"><span class='ocrx_word' id='word_1_4' title='bbox 163 184 226 215; x_wconf 83' lang='lat' dir='ltr'><strong>Sed</strong></span> <span class='ocrx_word' id='word_1_5' title='bbox 248 189 409 224; x_wconf 84' lang='lat' dir='ltr'><strong>praeterea</strong></span> <span class='ocrx_word' id='word_1_6' title='bbox 432 182 486 224; x_wconf 86' lang='lat' dir='ltr'><strong>qui</strong></span> <span class='ocrx_word' id='word_1_7' title='bbox 505 182 568 212; x_wconf 87' lang='lat' dir='ltr'><strong>hoc</strong></span> <span class='ocrx_word' id='word_1_8' title='bbox 590 180 741 219; x_wconf 85' lang='lat' dir='ltr'><strong>fecerunt,</strong></span> <span class='ocrx_word' id='word_1_9' title='bbox 768 180 927 210; x_wconf 70' lang='lat' dir='ltr'>sententiis</span> <span class='ocrx_word' id='word_1_10' title='bbox 952 179 1060 209; x_wconf 81' lang='lat' dir='ltr'><strong>eodem</strong></span> <span class='ocrx_word' id='word_1_11' title='bbox 1083 178 1189 215; x_wconf 82' lang='lat' dir='ltr'><strong>modo,</strong></span> <span class='ocrx_word' id='word_1_12' title='bbox 1217 185 1253 209; x_wconf 87' lang='lat' dir='ltr'><strong>ut</strong></span> <span class='ocrx_word' id='word_1_13' title='bbox 1280 179 1477 220; x_wconf 85' lang='lat' dir='ltr'><strong>praescripta</strong></span> <span class='ocrx_word' id='word_1_14' title='bbox 1506 186 1584 216; x_wconf 80' lang='lat' dir='ltr'><strong>sunt,</strong></span> <span class='ocrx_word' id='word_1_15' title='bbox 1612 179 1728 220; x_wconf 79' lang='lat' dir='ltr'><strong>divisis,</strong></span> 
     </span>
     <span class='ocr_line' id='line_1_3' title="bbox 162 221 1728 262; baseline -0.002 -7"><span class='ocrx_word' id='word_1_16' title='bbox 162 237 226 256; x_wconf 88' lang='lat' dir='ltr'><strong>non</strong></span> <span class='ocrx_word' id='word_1_17' title='bbox 248 225 321 255; x_wconf 85' lang='lat' dir='ltr'><strong>satis</strong></span> <span class='ocrx_word' id='word_1_18' title='bbox 342 224 491 254; x_wconf 85' lang='lat' dir='ltr'><strong>orationis</strong></span> <span class='ocrx_word' id='word_1_19' title='bbox 519 229 660 252; x_wconf 86' lang='lat' dir='ltr'><strong>naturam</strong></span> <span class='ocrx_word' id='word_1_20' title='bbox 689 227 890 262; x_wconf 80' lang='lat' dir='ltr'><strong>aperuerunt.</strong></span> <span class='ocrx_word' id='word_1_21' title='bbox 941 221 1022 250; x_wconf 85' lang='lat' dir='ltr'><strong>Nihil</strong></span> <span class='ocrx_word' id='word_1_22' title='bbox 1047 222 1128 251; x_wconf 86' lang='lat' dir='ltr'><strong>enim</strong></span> <span class='ocrx_word' id='word_1_23' title='bbox 1151 222 1265 251; x_wconf 82' lang='lat' dir='ltr'><strong>certius</strong></span> <span class='ocrx_word' id='word_1_24' title='bbox 1285 227 1344 259; x_wconf 82' lang='lat' dir='ltr'><strong>cst,</strong></span> <span class='ocrx_word' id='word_1_25' title='bbox 1378 233 1471 262; x_wconf 87' lang='lat' dir='ltr'><strong>quam</strong></span> <span class='ocrx_word' id='word_1_26' title='bbox 1500 223 1639 252; x_wconf 76' lang='lat' dir='ltr'><em>militibus</em></span> <span class='ocrx_word' id='word_1_27' title='bbox 1668 230 1728 253; x_wconf 81' lang='lat' dir='ltr'><strong>tur-</strong></span> 
     </span>
     <span class='ocr_line' id='line_1_4' title="bbox 163 262 1728 304; baseline -0.001 -8"><span class='ocrx_word' id='word_1_28' title='bbox 163 267 294 296; x_wconf 78' lang='lat' dir='ltr'><strong>bantibus</strong></span> <span class='ocrx_word' id='word_1_29' title='bbox 323 283 361 290; x_wconf 92' lang='lat'><em>-</em></span> <span class='ocrx_word' id='word_1_30' title='bbox 390 274 416 295; x_wconf 85' lang='lat' dir='ltr'><strong>et</strong></span> <span class='ocrx_word' id='word_1_31' title='bbox 446 265 575 302; x_wconf 82' lang='lat' dir='ltr'><strong>maligna</strong></span> <span class='ocrx_word' id='word_1_32' title='bbox 611 275 679 293; x_wconf 80' lang='lat' dir='ltr'><strong>curu</strong></span> <span class='ocrx_word' id='word_1_33' title='bbox 707 273 770 292; x_wconf 86' lang='lat' dir='ltr'><strong>non</strong></span> <span class='ocrx_word' id='word_1_34' title='bbox 804 263 956 302; x_wconf 77' lang='lat' dir='ltr'><strong>explicari</strong></span> <span class='ocrx_word' id='word_1_35' title='bbox 994 262 1190 299; x_wconf 86' lang='lat' dir='ltr'><strong>sententiam,</strong></span> <span class='ocrx_word' id='word_1_36' title='bbox 1236 263 1379 302; x_wconf 76' lang='lat' dir='ltr'><strong>Strepitus</strong></span> <span class='ocrx_word' id='word_1_37' title='bbox 1415 264 1538 293; x_wconf 84' lang='lat' dir='ltr'><strong>telorum</strong></span> <span class='ocrx_word' id='word_1_38' title='bbox 1557 272 1601 303; x_wconf 25' lang='lat' dir='ltr'><strong>*et</strong></span> <span class='ocrx_word' id='word_1_39' title='bbox 1629 265 1728 304; x_wconf 82' lang='lat' dir='ltr'><strong>facies</strong></span> 
     </span>
     <span class='ocr_line' id='line_1_5' title="bbox 163 304 1728 348; baseline -0.001 -11"><span class='ocrx_word' id='word_1_40' title='bbox 163 308 243 341; x_wconf 62' lang='lat' dir='ltr'><strong>belm</strong></span> <span class='ocrx_word' id='word_1_41' title='bbox 277 307 361 348; x_wconf 80' lang='lat' dir='ltr'><strong>quod</strong></span> <span class='ocrx_word' id='word_1_42' title='bbox 389 313 491 336; x_wconf 85' lang='lat' dir='ltr'><strong>tamen</strong></span> <span class='ocrx_word' id='word_1_43' title='bbox 520 305 673 343; x_wconf 80' lang='lat' dir='ltr'><strong>efficiunt,</strong></span> <span class='ocrx_word' id='word_1_44' title='bbox 706 305 759 345; x_wconf 89' lang='lat' dir='ltr'><strong>qui</strong></span> <span class='ocrx_word' id='word_1_45' title='bbox 787 305 828 334; x_wconf 84' lang='lat' dir='ltr'><strong>ita</strong></span> <span class='ocrx_word' id='word_1_46' title='bbox 859 304 1008 333; x_wconf 80' lang='lat' dir='ltr'><strong>orationis</strong></span> <span class='ocrx_word' id='word_1_47' title='bbox 1033 304 1174 333; x_wconf 85' lang='lat' dir='ltr'><strong>membra</strong></span> <span class='ocrx_word' id='word_1_48' title='bbox 1200 305 1402 343; x_wconf 77' lang='lat' dir='ltr'><strong>coniungunt.</strong></span> <span class='ocrx_word' id='word_1_49' title='bbox 1446 305 1502 334; x_wconf 79' lang='lat' dir='ltr'><strong>Est</strong></span> <span class='ocrx_word' id='word_1_50' title='bbox 1526 304 1621 346; x_wconf 84' lang='lat' dir='ltr'><strong>igitur</strong></span> <span class='ocrx_word' id='word_1_51' title='bbox 1639 305 1728 335; x_wconf 87' lang='lat' dir='ltr'><strong>semi·</strong></span> 
     </span>
     <span class='ocr_line' id='line_1_6' title="bbox 163 345 1727 388; baseline -0.001 -10"><span class='ocrx_word' id='word_1_52' title='bbox 163 349 256 379; x_wconf 85' lang='lat' dir='ltr'><strong>colon</strong></span> <span class='ocrx_word' id='word_1_53' title='bbox 278 348 455 388; x_wconf 87' lang='lat' dir='ltr'><strong>ponendum</strong></span> <span class='ocrx_word' id='word_1_54' title='bbox 477 353 548 386; x_wconf 81' lang='lat' dir='ltr'><strong>post</strong></span> <span class='ocrx_word' id='word_1_55' title='bbox 571 346 684 376; x_wconf 73' lang='lat' dir='ltr'><strong>verba:</strong></span> <span class='ocrx_word' id='word_1_56' title='bbox 709 347 806 386; x_wconf 83' lang='lat' dir='ltr'><strong>facies</strong></span> <span class='ocrx_word' id='word_1_57' title='bbox 829 346 902 374; x_wconf 72' lang='lat' dir='ltr'><strong>belli.</strong></span> <span class='ocrx_word' id='word_1_58' title='bbox 953 345 1091 376; x_wconf 85' lang='lat' dir='ltr'>Omnino</span> <span class='ocrx_word' id='word_1_59' title='bbox 1120 355 1211 385; x_wconf 84' lang='lat' dir='ltr'><strong>saepe</strong></span> <span class='ocrx_word' id='word_1_60' title='bbox 1233 345 1263 374; x_wconf 88' lang='lat' dir='ltr'><strong>in</strong></span> <span class='ocrx_word' id='word_1_61' title='bbox 1287 346 1412 381; x_wconf 81' lang='lat' dir='ltr'><strong>Tacito,</strong></span> <span class='ocrx_word' id='word_1_62' title='bbox 1449 353 1537 375; x_wconf 79' lang='lat' dir='ltr'><strong>recte</strong></span> <span class='ocrx_word' id='word_1_63' title='bbox 1560 346 1727 386; x_wconf 75' lang='lat' dir='ltr'>disponere</span> 
     </span>
     <span class='ocr_line' id='line_1_7' title="bbox 163 387 1727 427; baseline -0.001 -8"><span class='ocrx_word' id='word_1_64' title='bbox 163 389 348 427; x_wconf 83' lang='lat' dir='ltr'><strong>sententias,</strong></span> <span class='ocrx_word' id='word_1_65' title='bbox 380 388 598 417; x_wconf 82' lang='lat' dir='ltr'><strong>difficillimum</strong></span> <span class='ocrx_word' id='word_1_66' title='bbox 622 393 685 426; x_wconf 80' lang='lat' dir='ltr'><strong>est,</strong></span> <span class='ocrx_word' id='word_1_67' title='bbox 712 393 746 416; x_wconf 90' lang='lat' dir='ltr'><strong>ut</strong></span> <span class='ocrx_word' id='word_1_68' title='bbox 768 388 819 427; x_wconf 87' lang='lat' dir='ltr'><strong>qui</strong></span> <span class='ocrx_word' id='word_1_69' title='bbox 843 397 903 416; x_wconf 88' lang='lat' dir='ltr'><strong>non</strong></span> <span class='ocrx_word' id='word_1_70' title='bbox 926 397 1016 421; x_wconf 74' lang='lat' dir='ltr'><strong>ram,</strong></span> <span class='ocrx_word' id='word_1_71' title='bbox 1049 387 1133 416; x_wconf 80' lang='lat' dir='ltr'><strong>otnni</strong></span> <span class='ocrx_word' id='word_1_72' title='bbox 1157 393 1262 427; x_wconf 82' lang='lat' dir='ltr'><strong>spreta</strong></span> <span class='ocrx_word' id='word_1_73' title='bbox 1284 387 1498 416; x_wconf 84' lang='lat' dir='ltr'><strong>membrorum</strong></span> <span class='ocrx_word' id='word_1_74' title='bbox 1523 387 1727 418; x_wconf 74' lang='lat' dir='ltr'><strong>similitudine</strong></span> 
     </span>
     <span class='ocr_line' id='line_1_8' title="bbox 165 428 1727 469; baseline -0.001 -9"><span class='ocrx_word' id='word_1_75' title='bbox 165 441 200 460; x_wconf 88' lang='lat' dir='ltr'><strong>ac</strong></span> <span class='ocrx_word' id='word_1_76' title='bbox 233 431 378 469; x_wconf 84' lang='lat' dir='ltr'><strong>paritate,</strong></span> <span class='ocrx_word' id='word_1_77' title='bbox 421 429 570 468; x_wconf 75' lang='lat' dir='ltr'><strong>neglectis</strong></span> <span class='ocrx_word' id='word_1_78' title='bbox 610 428 700 458; x_wconf 86' lang='lat' dir='ltr'><strong>etiam</strong></span> <span class='ocrx_word' id='word_1_79' title='bbox 732 428 806 467; x_wconf 87' lang='lat' dir='ltr'><strong>ipsis</strong></span> <span class='ocrx_word' id='word_1_80' title='bbox 841 428 1063 467; x_wconf 76' lang='lat' dir='ltr'><strong>grammaticae</strong></span> <span class='ocrx_word' id='word_1_81' title='bbox 1100 428 1250 465; x_wconf 71' lang='lat' dir='ltr'><strong>vinculis,</strong></span> <span class='ocrx_word' id='word_1_82' title='bbox 1295 439 1447 457; x_wconf 88' lang='lat' dir='ltr'><strong>summam</strong></span> <span class='ocrx_word' id='word_1_83' title='bbox 1487 429 1727 459; x_wconf 86' lang='lat' dir='ltr'><strong>enunciatorum</strong></span> 
     </span>
     <span class='ocr_line' id='line_1_9' title="bbox 163 462 1727 510; baseline 0 -10"><span class='ocrx_word' id='word_1_84' title='bbox 163 471 346 501; x_wconf 79' lang='lat' dir='ltr'><strong>varietatem</strong></span> <span class='ocrx_word' id='word_1_85' title='bbox 369 471 510 501; x_wconf 90' lang='lat' dir='ltr'><strong>consulto</strong></span> <span class='ocrx_word' id='word_1_86' title='bbox 535 470 705 509; x_wconf 85' lang='lat' dir='ltr'><strong>componit.</strong></span> <span class='ocrx_word' id='word_1_87' title='bbox 749 469 847 510; x_wconf 80' lang='lat' dir='ltr'><strong>quue</strong></span> <span class='ocrx_word' id='word_1_88' title='bbox 871 469 1004 498; x_wconf 82' lang='lat' dir='ltr'><strong>maxime</strong></span> <span class='ocrx_word' id='word_1_89' title='bbox 1026 475 1092 498; x_wconf 87' lang='lat' dir='ltr'><strong>tum</strong></span> <span class='ocrx_word' id='word_1_90' title='bbox 1116 470 1219 499; x_wconf 83' lang='lat' dir='ltr'><strong>facere</strong></span> <span class='ocrx_word' id='word_1_91' title='bbox 1241 462 1330 507; x_wconf 79' lang='lat' dir='ltr'><strong>soict,</strong></span> <span class='ocrx_word' id='word_1_92' title='bbox 1351 469 1404 498; x_wconf 87' lang='lat' dir='ltr'><strong>ubi</strong></span> <span class='ocrx_word' id='word_1_93' title='bbox 1428 470 1511 510; x_wconf 80' lang='lat' dir='ltr'><strong>ipsae</strong></span> <span class='ocrx_word' id='word_1_94' title='bbox 1533 481 1583 500; x_wconf 85' lang='lat' dir='ltr'><strong>res</strong></span> <span class='ocrx_word' id='word_1_95' title='bbox 1600 476 1727 500; x_wconf 90' lang='lat' dir='ltr'><strong>contur-</strong></span> 
     </span>
     <span class='ocr_line' id='line_1_10' title="bbox 163 509 1727 550; baseline -0.001 -8"><span class='ocrx_word' id='word_1_96' title='bbox 163 512 255 542; x_wconf 84' lang='lat' dir='ltr'><strong>batae</strong></span> <span class='ocrx_word' id='word_1_97' title='bbox 279 512 402 542; x_wconf 80' lang='lat' dir='ltr'><strong>labante</strong></span> <span class='ocrx_word' id='word_1_98' title='bbox 425 522 461 541; x_wconf 85' lang='lat' dir='ltr'><strong>ea</strong></span> <span class='ocrx_word' id='word_1_99' title='bbox 483 510 651 541; x_wconf 72' lang='lat' dir='ltr'><strong>verborum</strong></span> <span class='ocrx_word' id='word_1_100' title='bbox 672 516 828 540; x_wconf 81' lang='lat' dir='ltr'><strong>structura</strong></span> <span class='ocrx_word' id='word_1_101' title='bbox 852 509 1066 550; x_wconf 80' lang='lat' dir='ltr'><strong>depingendae</strong></span> <span class='ocrx_word' id='word_1_102' title='bbox 1089 511 1243 540; x_wconf 74' lang='lat' dir='ltr'><strong>videntur.</strong></span> <span class='ocrx_word' id='word_1_103' title='bbox 1278 511 1387 540; x_wconf 79' lang='lat' dir='ltr'><strong>Veluti</strong></span> <span class='ocrx_word' id='word_1_104' title='bbox 1409 512 1430 546; x_wconf 72' lang='lat'><strong>1,</strong></span> <span class='ocrx_word' id='word_1_105' title='bbox 1452 511 1493 542; x_wconf 79' lang='lat'><strong>63</strong></span> <span class='ocrx_word' id='word_1_106' title='bbox 1517 512 1604 541; x_wconf 89' lang='lat' dir='ltr'><strong>locus</strong></span> <span class='ocrx_word' id='word_1_107' title='bbox 1628 511 1727 542; x_wconf 80' lang='lat' dir='ltr'><strong>nostri</strong></span> 
     </span>
     <span class='ocr_line' id='line_1_11' title="bbox 164 551 1728 593; baseline 0 -11"><span class='ocrx_word' id='word_1_108' title='bbox 164 553 271 584; x_wconf 79' lang='lat' dir='ltr'><strong>similis</strong></span> <span class='ocrx_word' id='word_1_109' title='bbox 299 559 361 588; x_wconf 87' lang='lat' dir='ltr'><strong>est;</strong></span> <span class='ocrx_word' id='word_1_110' title='bbox 398 552 437 581; x_wconf 89' lang='lat' dir='ltr'><strong>de</strong></span> <span class='ocrx_word' id='word_1_111' title='bbox 463 562 524 593; x_wconf 90' lang='lat' dir='ltr'><strong>quo</strong></span> <span class='ocrx_word' id='word_1_112' title='bbox 552 552 691 581; x_wconf 86' lang='lat' dir='ltr'><strong>nondum</strong></span> <span class='ocrx_word' id='word_1_113' title='bbox 719 551 792 592; x_wconf 86' lang='lat' dir='ltr'><strong>qnid</strong></span> <span class='ocrx_word' id='word_1_114' title='bbox 822 557 953 580; x_wconf 87' lang='lat' dir='ltr'><strong>statuam</strong></span> <span class='ocrx_word' id='word_1_115' title='bbox 982 552 1058 580; x_wconf 85' lang='lat' dir='ltr'><strong>mihi</strong></span> <span class='ocrx_word' id='word_1_116' title='bbox 1087 558 1217 581; x_wconf 83' lang='lat' dir='ltr'><strong>constat.</strong></span> <span class='ocrx_word' id='word_1_117' title='bbox 1268 552 1346 580; x_wconf 87' lang='lat' dir='ltr'><strong>Nam</strong></span> <span class='ocrx_word' id='word_1_118' title='bbox 1378 552 1448 581; x_wconf 86' lang='lat' dir='ltr'><strong>cod.</strong></span> <span class='ocrx_word' id='word_1_119' title='bbox 1470 553 1584 582; x_wconf 73' lang='lat' dir='ltr'><strong>vitiose</strong></span> <span class='ocrx_word' id='word_1_120' title='bbox 1607 553 1728 592; x_wconf 79' lang='lat' dir='ltr'><strong>scribit,</strong></span> 
     </span>
     <span class='ocr_line' id='line_1_12' title="bbox 162 593 1728 634; baseline 0 -10"><span class='ocrx_word' id='word_1_121' title='bbox 162 596 288 634; x_wconf 81' lang='lat' dir='ltr'><strong>raptisae</strong></span> <span class='ocrx_word' id='word_1_122' title='bbox 309 602 428 633; x_wconf 79' lang='lat' dir='ltr'><strong>repente.</strong></span> <span class='ocrx_word' id='word_1_123' title='bbox 449 593 500 622; x_wconf 86' lang='lat' dir='ltr'><strong>alii</strong></span> <span class='ocrx_word' id='word_1_124' title='bbox 522 594 647 623; x_wconf 76' lang='lat' dir='ltr'><strong>solvunt</strong></span> <span class='ocrx_word' id='word_1_125' title='bbox 669 595 829 632; x_wconf 76' lang='lat' dir='ltr'><strong>raptisque,</strong></span> <span class='ocrx_word' id='word_1_126' title='bbox 853 593 914 622; x_wconf 66' lang='lat' dir='ltr'><strong>salii</strong></span> <span class='ocrx_word' id='word_1_127' title='bbox 937 596 1092 632; x_wconf 59' lang='lat' dir='ltr'><strong>(strepente.</strong></span> <span class='ocrx_word' id='word_1_128' title='bbox 1135 593 1198 622; x_wconf 74' lang='lat' dir='ltr'><strong>Sed</strong></span> <span class='ocrx_word' id='word_1_129' title='bbox 1221 593 1302 622; x_wconf 90' lang='lat' dir='ltr'><strong>hunc</strong></span> <span class='ocrx_word' id='word_1_130' title='bbox 1325 593 1542 623; x_wconf 84' lang='lat' dir='ltr'><strong>ditrochaeum</strong></span> <span class='ocrx_word' id='word_1_131' title='bbox 1565 594 1595 623; x_wconf 87' lang='lat' dir='ltr'><strong>in</strong></span> <span class='ocrx_word' id='word_1_132' title='bbox 1618 594 1728 624; x_wconf 86' lang='lat' dir='ltr'><strong>incita-</strong></span> 
     </span>
     <span class='ocr_line' id='line_1_13' title="bbox 162 634 1727 676; baseline 0 -11"><span class='ocrx_word' id='word_1_133' title='bbox 162 635 278 665; x_wconf 81' lang='lat' dir='ltr'><strong>tissimo</strong></span> <span class='ocrx_word' id='word_1_134' title='bbox 307 635 368 664; x_wconf 85' lang='lat' dir='ltr'><strong>hoc</strong></span> <span class='ocrx_word' id='word_1_135' title='bbox 397 635 545 664; x_wconf 86' lang='lat' dir='ltr'><strong>orationis</strong></span> <span class='ocrx_word' id='word_1_136' title='bbox 575 635 717 674; x_wconf 79' lang='lat' dir='ltr'><strong>ingressu</strong></span> <span class='ocrx_word' id='word_1_137' title='bbox 744 634 883 674; x_wconf 78' lang='lat' dir='ltr'><strong>negarim</strong></span> <span class='ocrx_word' id='word_1_138' title='bbox 911 634 1017 664; x_wconf 74' lang='lat' dir='ltr'><strong>venire</strong></span> <span class='ocrx_word' id='word_1_139' title='bbox 1047 645 1063 662; x_wconf 84' lang='lat' dir='ltr'><strong>a</strong></span> <span class='ocrx_word' id='word_1_140' title='bbox 1093 634 1212 664; x_wconf 82' lang='lat' dir='ltr'><strong>Tacito.</strong></span> <span class='ocrx_word' id='word_1_141' title='bbox 1266 636 1373 674; x_wconf 84' lang='lat' dir='ltr'><strong>ltaque</strong></span> <span class='ocrx_word' id='word_1_142' title='bbox 1407 645 1501 674; x_wconf 82' lang='lat' dir='ltr'><strong>saepe</strong></span> <span class='ocrx_word' id='word_1_143' title='bbox 1534 635 1727 676; x_wconf 81' lang='lat' dir='ltr'><strong>suspicabar,</strong></span> 
     </span>
     <span class='ocr_line' id='line_1_14' title="bbox 163 675 1727 715; baseline 0 -9"><span class='ocrx_word' id='word_1_144' title='bbox 163 676 246 706; x_wconf 84' lang='lat' dir='ltr'><strong>istud</strong></span> <span class='ocrx_word' id='word_1_145' title='bbox 267 687 301 706; x_wconf 85' lang='lat' dir='ltr'><strong>ae</strong></span> <span class='ocrx_word' id='word_1_146' title='bbox 323 676 430 705; x_wconf 86' lang='lat' dir='ltr'><strong>fictum</strong></span> <span class='ocrx_word' id='word_1_147' title='bbox 453 686 520 705; x_wconf 87' lang='lat' dir='ltr'><strong>csse</strong></span> <span class='ocrx_word' id='word_1_148' title='bbox 541 685 578 704; x_wconf 81' lang='lat' dir='ltr'><strong>ex</strong></span> <span class='ocrx_word' id='word_1_149' title='bbox 601 678 652 715; x_wconf 67' lang='grc' dir='ltr'><strong>ευ,</strong></span> <span class='ocrx_word' id='word_1_150' title='bbox 686 676 705 704; x_wconf 91' lang='lat' dir='ltr'><strong>i.</strong></span> <span class='ocrx_word' id='word_1_151' title='bbox 733 686 760 705; x_wconf 86' lang='lat' dir='ltr'><strong>e.</strong></span> <span class='ocrx_word' id='word_1_152' title='bbox 791 685 869 713; x_wconf 68' lang='lat' dir='ltr'><strong>frgi).</strong></span> <span class='ocrx_word' id='word_1_153' title='bbox 922 676 1066 704; x_wconf 67' lang='lat' dir='ltr'><strong>Nondum</strong></span> <span class='ocrx_word' id='word_1_154' title='bbox 1092 682 1193 704; x_wconf 83' lang='lat' dir='ltr'><strong>tamen</strong></span> <span class='ocrx_word' id='word_1_155' title='bbox 1217 675 1291 704; x_wconf 87' lang='lat' dir='ltr'><strong>mihi</strong></span> <span class='ocrx_word' id='word_1_156' title='bbox 1315 686 1499 714; x_wconf 82' lang='lat' dir='ltr'><strong>persuasum</strong></span> <span class='ocrx_word' id='word_1_157' title='bbox 1521 683 1580 715; x_wconf 84' lang='lat' dir='ltr'><strong>est,</strong></span> <span class='ocrx_word' id='word_1_158' title='bbox 1614 687 1727 713; x_wconf 90' lang='lat' dir='ltr'><strong>annon,</strong></span> 
     </span>
     <span class='ocr_line' id='line_1_15' title="bbox 163 716 1729 758; baseline 0.001 -11"><span class='ocrx_word' id='word_1_159' title='bbox 163 718 261 748; x_wconf 81' lang='lat' dir='ltr'><strong>saluta</strong></span> <span class='ocrx_word' id='word_1_160' title='bbox 283 718 434 747; x_wconf 82' lang='lat' dir='ltr'><strong>orationis</strong></span> <span class='ocrx_word' id='word_1_161' title='bbox 455 723 622 750; x_wconf 71' lang='lat' dir='ltr'><strong>structura,</strong></span> <span class='ocrx_word' id='word_1_162' title='bbox 641 723 671 747; x_wconf 86' lang='lat' dir='ltr'><strong>et</strong></span> <span class='ocrx_word' id='word_1_163' title='bbox 693 717 722 745; x_wconf 89' lang='lat' dir='ltr'><strong>in</strong></span> <span class='ocrx_word' id='word_1_164' title='bbox 746 717 915 745; x_wconf 72' lang='lat' dir='ltr'><strong>iuvandum</strong></span> <span class='ocrx_word' id='word_1_165' title='bbox 938 716 1089 745; x_wconf 88' lang='lat' dir='ltr'><strong>orationis</strong></span> <span class='ocrx_word' id='word_1_166' title='bbox 1112 717 1266 746; x_wconf 85' lang='lat' dir='ltr'><strong>incessum</strong></span> <span class='ocrx_word' id='word_1_167' title='bbox 1289 718 1482 757; x_wconf 81' lang='lat' dir='ltr'><strong>paragogice</strong></span> <span class='ocrx_word' id='word_1_168' title='bbox 1505 718 1586 747; x_wconf 86' lang='lat' dir='ltr'><strong>istud</strong></span> <span class='ocrx_word' id='word_1_169' title='bbox 1612 729 1666 758; x_wconf 79' lang='lat' dir='ltr'><strong>que</strong></span> <span class='ocrx_word' id='word_1_170' title='bbox 1688 718 1729 748; x_wconf 80' lang='lat' dir='ltr'><strong>sit</strong></span> 
     </span>
     <span class='ocr_line' id='line_1_16' title="bbox 164 759 1726 798; baseline 0.001 -10"><span class='ocrx_word' id='word_1_171' title='bbox 164 759 336 795; x_wconf 80' lang='lat' dir='ltr'><strong>adiectum,</strong></span> <span class='ocrx_word' id='word_1_172' title='bbox 366 759 420 788; x_wconf 87' lang='lat' dir='ltr'><strong>ita:</strong></span> <span class='ocrx_word' id='word_1_173' title='bbox 454 759 619 788; x_wconf 81' lang='lat' dir='ltr'><strong>Devintluri</strong></span> <span class='ocrx_word' id='word_1_174' title='bbox 648 775 685 780; x_wconf 85' lang='lat'><strong>-—</strong></span> <span class='ocrx_word' id='word_1_175' title='bbox 712 768 891 797; x_wconf 80' lang='lat' dir='ltr'><strong>quamquam</strong></span> <span class='ocrx_word' id='word_1_176' title='bbox 921 760 1002 787; x_wconf 83' lang='lat' dir='ltr'><strong>omni</strong></span> <span class='ocrx_word' id='word_1_177' title='bbox 1030 759 1167 787; x_wconf 85' lang='lat' dir='ltr'><strong>comitate</strong></span> <span class='ocrx_word' id='word_1_178' title='bbox 1195 766 1330 797; x_wconf 69' lang='lat' dir='ltr'><strong>exceptos</strong></span> <span class='ocrx_word' id='word_1_179' title='bbox 1356 760 1468 787; x_wconf 78' lang='lat' dir='ltr'><strong>subitus</strong></span> <span class='ocrx_word' id='word_1_180' title='bbox 1490 770 1588 798; x_wconf 75' lang='lat' dir='ltr'><strong>pavor</strong></span> <span class='ocrx_word' id='word_1_181' title='bbox 1617 761 1726 789; x_wconf 84' lang='lat' dir='ltr'><strong>terruit.</strong></span> 
     </span>
     <span class='ocr_line' id='line_1_17' title="bbox 164 800 1729 841; baseline 0.001 -12"><span class='ocrx_word' id='word_1_182' title='bbox 164 801 328 839; x_wconf 81' lang='lat' dir='ltr'><strong>Raptisque</strong></span> <span class='ocrx_word' id='word_1_183' title='bbox 355 807 465 838; x_wconf 81' lang='lat' dir='ltr'><strong>repente</strong></span> <span class='ocrx_word' id='word_1_184' title='bbox 492 801 582 829; x_wconf 87' lang='lat' dir='ltr'><strong>armis</strong></span> <span class='ocrx_word' id='word_1_185' title='bbox 610 800 649 828; x_wconf 82' lang='lat' dir='ltr'><strong>ad</strong></span> <span class='ocrx_word' id='word_1_186' title='bbox 674 801 790 828; x_wconf 79' lang='lat' dir='ltr'><strong>caedem</strong></span> <span class='ocrx_word' id='word_1_187' title='bbox 819 800 955 828; x_wconf 57' lang='lat' dir='ltr'><strong>innomine</strong></span> <span class='ocrx_word' id='word_1_188' title='bbox 983 801 1124 834; x_wconf 67' lang='lat' dir='ltr'><strong>civitatis,</strong></span> <span class='ocrx_word' id='word_1_189' title='bbox 1159 810 1217 829; x_wconf 85' lang='lat' dir='ltr'><strong>non</strong></span> <span class='ocrx_word' id='word_1_190' title='bbox 1250 801 1285 829; x_wconf 87' lang='lat' dir='ltr'><strong>ob</strong></span> <span class='ocrx_word' id='word_1_191' title='bbox 1315 801 1472 838; x_wconf 77' lang='lat' dir='ltr'><strong>praedam,</strong></span> <span class='ocrx_word' id='word_1_192' title='bbox 1506 809 1557 830; x_wconf 81' lang='lat' dir='ltr'><strong>aut</strong></span> <span class='ocrx_word' id='word_1_193' title='bbox 1583 801 1729 841; x_wconf 77' lang='lat' dir='ltr'><strong>spoliandi</strong></span> 
     </span>
     <span class='ocr_line' id='line_1_18' title="bbox 164 839 1728 881; baseline 0.001 -11"><span class='ocrx_word' id='word_1_194' title='bbox 164 842 302 880; x_wconf 84' lang='lat' dir='ltr'><strong>cupidine,</strong></span> <span class='ocrx_word' id='word_1_195' title='bbox 323 842 374 869; x_wconf 75' lang='lat' dir='ltr'><strong>sed</strong></span> <span class='ocrx_word' id='word_1_196' title='bbox 386 842 491 880; x_wconf 85' lang='lat' dir='ltr'><strong>surore</strong></span> <span class='ocrx_word' id='word_1_197' title='bbox 513 849 538 869; x_wconf 85' lang='lat' dir='ltr'><strong>et</strong></span> <span class='ocrx_word' id='word_1_198' title='bbox 561 841 638 869; x_wconf 83' lang='lat' dir='ltr'><strong>rabie</strong></span> <span class='ocrx_word' id='word_1_199' title='bbox 660 848 684 869; x_wconf 85' lang='lat' dir='ltr'><strong>et</strong></span> <span class='ocrx_word' id='word_1_200' title='bbox 708 841 802 869; x_wconf 81' lang='lat' dir='ltr'><strong>causis</strong></span> <span class='ocrx_word' id='word_1_201' title='bbox 824 842 947 876; x_wconf 80' lang='lat' dir='ltr'><strong>incertis,</strong></span> <span class='ocrx_word' id='word_1_202' title='bbox 979 851 1068 879; x_wconf 84' lang='lat' dir='ltr'><strong>eoque</strong></span> <span class='ocrx_word' id='word_1_203' title='bbox 1091 839 1300 879; x_wconf 73' lang='lat' dir='ltr'><strong>difficilioribus</strong></span> <span class='ocrx_word' id='word_1_204' title='bbox 1319 842 1460 876; x_wconf 73' lang='lat' dir='ltr'><strong>remediis,</strong></span> <span class='ocrx_word' id='word_1_205' title='bbox 1488 843 1577 872; x_wconf 80' lang='lat' dir='ltr'><strong>donec</strong></span> <span class='ocrx_word' id='word_1_206' title='bbox 1593 842 1728 881; x_wconf 72' lang='lat' dir='ltr'><strong>prechus</strong></span> 
     </span>
     <span class='ocr_line' id='line_1_19' title="bbox 165 882 1727 925; baseline 0.001 -14"><span class='ocrx_word' id='word_1_207' title='bbox 165 883 244 912; x_wconf 85' lang='lat' dir='ltr'><strong>ducis</strong></span> <span class='ocrx_word' id='word_1_208' title='bbox 273 883 400 919; x_wconf 80' lang='lat' dir='ltr'><strong>mitigati</strong></span> <span class='ocrx_word' id='word_1_209' title='bbox 425 883 460 910; x_wconf 82' lang='lat' dir='ltr'><strong>ab</strong></span> <span class='ocrx_word' id='word_1_210' title='bbox 492 882 603 911; x_wconf 67' lang='lat' dir='ltr'><strong>excidio</strong></span> <span class='ocrx_word' id='word_1_211' title='bbox 632 883 755 910; x_wconf 75' lang='lat' dir='ltr'><strong>civitatis</strong></span> <span class='ocrx_word' id='word_1_212' title='bbox 782 890 982 920; x_wconf 71' lang='lat' dir='ltr'><strong>temperavere.</strong></span> <span class='ocrx_word' id='word_1_213' title='bbox 1036 882 1173 912; x_wconf 84' lang='lat' dir='ltr'><strong>Similem</strong></span> <span class='ocrx_word' id='word_1_214' title='bbox 1211 892 1288 922; x_wconf 79' lang='lat' dir='ltr'><strong>ergo</strong></span> <span class='ocrx_word' id='word_1_215' title='bbox 1321 882 1490 912; x_wconf 76' lang='lat' dir='ltr'><strong>ablativum</strong></span> <span class='ocrx_word' id='word_1_216' title='bbox 1520 883 1570 913; x_wconf 87' lang='lat' dir='ltr'><strong>hic</strong></span> <span class='ocrx_word' id='word_1_217' title='bbox 1599 893 1727 925; x_wconf 89' lang='lat' dir='ltr'><strong>quoque</strong></span> 
     </span>
     <span class='ocr_line' id='line_1_20' title="bbox 164 923 1728 964; baseline 0.001 -12"><span class='ocrx_word' id='word_1_218' title='bbox 164 923 326 960; x_wconf 84' lang='lat' dir='ltr'><strong>habemus,</strong></span> <span class='ocrx_word' id='word_1_219' title='bbox 346 931 370 952; x_wconf 82' lang='lat' dir='ltr'><strong>et</strong></span> <span class='ocrx_word' id='word_1_220' title='bbox 393 924 530 952; x_wconf 79' lang='lat' dir='ltr'><strong>militibus</strong></span> <span class='ocrx_word' id='word_1_221' title='bbox 552 923 740 961; x_wconf 69' lang='lat' dir='ltr'><strong>turbantibus,</strong></span> <span class='ocrx_word' id='word_1_222' title='bbox 766 931 790 952; x_wconf 78' lang='lat' dir='ltr'><strong>et</strong></span> <span class='ocrx_word' id='word_1_223' title='bbox 813 924 943 960; x_wconf 76' lang='lat' dir='ltr'><strong>maligna</strong></span> <span class='ocrx_word' id='word_1_224' title='bbox 965 933 1043 958; x_wconf 85' lang='lat' dir='ltr'><strong>cura,</strong></span> <span class='ocrx_word' id='word_1_225' title='bbox 1066 923 1119 964; x_wconf 88' lang='lat' dir='ltr'><strong>qui</strong></span> <span class='ocrx_word' id='word_1_226' title='bbox 1142 934 1201 964; x_wconf 87' lang='lat' dir='ltr'><strong>per</strong></span> <span class='ocrx_word' id='word_1_227' title='bbox 1224 934 1257 953; x_wconf 87' lang='lat' dir='ltr'><strong>se</strong></span> <span class='ocrx_word' id='word_1_228' title='bbox 1277 924 1433 963; x_wconf 74' lang='lat' dir='ltr'><strong>integrum</strong></span> <span class='ocrx_word' id='word_1_229' title='bbox 1457 925 1609 964; x_wconf 77' lang='lat' dir='ltr'><strong>orationis</strong></span> <span class='ocrx_word' id='word_1_230' title='bbox 1631 935 1728 954; x_wconf 89' lang='lat' dir='ltr'><strong>mem-</strong></span> 
     </span>
     <span class='ocr_line' id='line_1_21' title="bbox 164 963 1728 1004; baseline 0.001 -10"><span class='ocrx_word' id='word_1_231' title='bbox 164 963 258 994; x_wconf 87' lang='lat' dir='ltr'><strong>brum</strong></span> <span class='ocrx_word' id='word_1_232' title='bbox 285 964 430 994; x_wconf 76' lang='lat' dir='ltr'><strong>continet.</strong></span> <span class='ocrx_word' id='word_1_233' title='bbox 473 964 551 993; x_wconf 89' lang='lat' dir='ltr'><strong>Nam</strong></span> <span class='ocrx_word' id='word_1_234' title='bbox 580 964 681 993; x_wconf 87' lang='lat' dir='ltr'><strong>thema</strong></span> <span class='ocrx_word' id='word_1_235' title='bbox 708 964 802 993; x_wconf 84' lang='lat' dir='ltr'><strong>totius</strong></span> <span class='ocrx_word' id='word_1_236' title='bbox 833 964 878 993; x_wconf 79' lang='lat' dir='ltr'><strong>rei</strong></span> <span class='ocrx_word' id='word_1_237' title='bbox 907 963 968 993; x_wconf 84' lang='lat' dir='ltr'><strong>hoc</strong></span> <span class='ocrx_word' id='word_1_238' title='bbox 998 971 1059 994; x_wconf 83' lang='lat' dir='ltr'><strong>est:</strong></span> <span class='ocrx_word' id='word_1_239' title='bbox 1096 966 1169 994; x_wconf 78' lang='lat' dir='ltr'><strong>Non</strong></span> <span class='ocrx_word' id='word_1_240' title='bbox 1200 973 1296 995; x_wconf 80' lang='lat' dir='ltr'><strong>tamen</strong></span> <span class='ocrx_word' id='word_1_241' title='bbox 1318 967 1398 1004; x_wconf 56' lang='lat' dir='ltr'><strong>quius</strong></span> <span class='ocrx_word' id='word_1_242' title='bbox 1420 966 1498 995; x_wconf 82' lang='lat' dir='ltr'><strong>urbis</strong></span> <span class='ocrx_word' id='word_1_243' title='bbox 1518 967 1649 996; x_wconf 69' lang='lat' dir='ltr'><strong>rtdIerat.</strong></span> <span class='ocrx_word' id='word_1_244' title='bbox 1692 966 1728 995; x_wconf 86' lang='lat' dir='ltr'><strong>Id</strong></span> 
     </span>
     <span class='ocr_line' id='line_1_22' title="bbox 164 1005 1729 1046; baseline 0.002 -12"><span class='ocrx_word' id='word_1_245' title='bbox 164 1016 224 1046; x_wconf 85' lang='lat' dir='ltr'><strong>per</strong></span> <span class='ocrx_word' id='word_1_246' title='bbox 243 1015 312 1034; x_wconf 83' lang='lat' dir='ltr'><strong>suas</strong></span> <span class='ocrx_word' id='word_1_247' title='bbox 335 1011 440 1044; x_wconf 85' lang='lat' dir='ltr'><strong>partes</strong></span> <span class='ocrx_word' id='word_1_248' title='bbox 463 1005 500 1034; x_wconf 86' lang='lat' dir='ltr'><strong>ad</strong></span> <span class='ocrx_word' id='word_1_249' title='bbox 525 1011 617 1045; x_wconf 83' lang='lat' dir='ltr'><strong>caput</strong></span> <span class='ocrx_word' id='word_1_250' title='bbox 639 1016 736 1045; x_wconf 86' lang='lat' dir='ltr'><strong>usque</strong></span> <span class='ocrx_word' id='word_1_251' title='bbox 760 1006 800 1035; x_wconf 79' lang='lat'><strong>87</strong></span> <span class='ocrx_word' id='word_1_252' title='bbox 822 1005 990 1041; x_wconf 81' lang='lat' dir='ltr'><strong>diducitur,</strong></span> <span class='ocrx_word' id='word_1_253' title='bbox 1019 1006 1066 1035; x_wconf 88' lang='lat' dir='ltr'><strong>his</strong></span> <span class='ocrx_word' id='word_1_254' title='bbox 1089 1006 1250 1036; x_wconf 85' lang='lat' dir='ltr'><strong>membris:</strong></span> <span class='ocrx_word' id='word_1_255' title='bbox 1285 1007 1316 1044; x_wconf 84' lang='lat' dir='ltr'><strong>a)</strong></span> <span class='ocrx_word' id='word_1_256' title='bbox 1340 1007 1491 1046; x_wconf 85' lang='lat' dir='ltr'><strong>strepitus</strong></span> <span class='ocrx_word' id='word_1_257' title='bbox 1515 1018 1677 1037; x_wconf 84' lang='lat' dir='ltr'><strong>armorum</strong></span> <span class='ocrx_word' id='word_1_258' title='bbox 1699 1014 1729 1038; x_wconf 82' lang='lat' dir='ltr'><strong>et</strong></span> 
     </span>
     <span class='ocr_line' id='line_1_23' title="bbox 164 1045 1727 1087; baseline 0.002 -11"><span class='ocrx_word' id='word_1_259' title='bbox 164 1046 261 1077; x_wconf 80' lang='lat' dir='ltr'><strong>facies</strong></span> <span class='ocrx_word' id='word_1_260' title='bbox 282 1045 374 1084; x_wconf 85' lang='lat' dir='ltr'><strong>belli3</strong></span> <span class='ocrx_word' id='word_1_261' title='bbox 396 1046 430 1084; x_wconf 84' lang='lat' dir='ltr'><strong>h)</strong></span> <span class='ocrx_word' id='word_1_262' title='bbox 454 1046 567 1075; x_wconf 78' lang='lat' dir='ltr'><strong>milites</strong></span> <span class='ocrx_word' id='word_1_263' title='bbox 590 1047 715 1076; x_wconf 90' lang='lat' dir='ltr'><strong>occulto</strong></span> <span class='ocrx_word' id='word_1_264' title='bbox 738 1046 846 1076; x_wconf 80' lang='lat' dir='ltr'><strong>habitu</strong></span> <span class='ocrx_word' id='word_1_265' title='bbox 868 1058 924 1086; x_wconf 84' lang='lat' dir='ltr'><strong>per</strong></span> <span class='ocrx_word' id='word_1_266' title='bbox 947 1047 1058 1077; x_wconf 86' lang='lat' dir='ltr'><strong>domos</strong></span> <span class='ocrx_word' id='word_1_267' title='bbox 1080 1048 1168 1087; x_wconf 70' lang='lat' dir='ltr'><strong>vagi5</strong></span> <span class='ocrx_word' id='word_1_268' title='bbox 1192 1049 1223 1087; x_wconf 91' lang='lat' dir='ltr'><strong>c)</strong></span> <span class='ocrx_word' id='word_1_269' title='bbox 1246 1048 1380 1086; x_wconf 74' lang='lat' dir='ltr'><strong>maligna</strong></span> <span class='ocrx_word' id='word_1_270' title='bbox 1402 1059 1477 1077; x_wconf 82' lang='lat' dir='ltr'><strong>cura</strong></span> <span class='ocrx_word' id='word_1_271' title='bbox 1503 1055 1531 1078; x_wconf 79' lang='lat' dir='ltr'><strong>et</strong></span> <span class='ocrx_word' id='word_1_272' title='bbox 1546 1048 1727 1079; x_wconf 81' lang='lat' dir='ltr'><strong>observatio</strong></span> 
     </span>
     <span class='ocr_line' id='line_1_24' title="bbox 165 1086 1728 1129; baseline 0.002 -12"><span class='ocrx_word' id='word_1_273' title='bbox 165 1087 316 1117; x_wconf 87' lang='lat' dir='ltr'><strong>nobilium</strong></span> <span class='ocrx_word' id='word_1_274' title='bbox 340 1086 517 1123; x_wconf 86' lang='lat' dir='ltr'><strong>hominum,</strong></span> <span class='ocrx_word' id='word_1_275' title='bbox 549 1097 610 1116; x_wconf 92' lang='lat' dir='ltr'><strong>non</strong></span> <span class='ocrx_word' id='word_1_276' title='bbox 639 1088 740 1117; x_wconf 89' lang='lat' dir='ltr'><strong>solum</strong></span> <span class='ocrx_word' id='word_1_277' title='bbox 768 1098 823 1128; x_wconf 87' lang='lat' dir='ltr'><strong>per</strong></span> <span class='ocrx_word' id='word_1_278' title='bbox 852 1089 982 1123; x_wconf 83' lang='lat' dir='ltr'><strong>milites,</strong></span> <span class='ocrx_word' id='word_1_279' title='bbox 1014 1088 1066 1118; x_wconf 81' lang='lat' dir='ltr'><strong>sed</strong></span> <span class='ocrx_word' id='word_1_280' title='bbox 1096 1090 1190 1118; x_wconf 82' lang='lat' dir='ltr'><strong>etiam</strong></span> <span class='ocrx_word' id='word_1_281' title='bbox 1215 1099 1272 1129; x_wconf 85' lang='lat' dir='ltr'><strong>per</strong></span> <span class='ocrx_word' id='word_1_282' title='bbox 1303 1089 1442 1128; x_wconf 75' lang='lat' dir='ltr'><strong>pleben13</strong></span> <span class='ocrx_word' id='word_1_283' title='bbox 1475 1090 1510 1129; x_wconf 88' lang='lat' dir='ltr'><strong>d)</strong></span> <span class='ocrx_word' id='word_1_284' title='bbox 1540 1090 1728 1121; x_wconf 84' lang='lat' dir='ltr'><strong>Vitellianos</strong></span> 
     </span>
     <span class='ocr_line' id='line_1_25' title="bbox 166 1128 1729 1172; baseline 0.003 -15"><span class='ocrx_word' id='word_1_285' title='bbox 166 1128 278 1157; x_wconf 84' lang='lat' dir='ltr'><strong>milites</strong></span> <span class='ocrx_word' id='word_1_286' title='bbox 301 1128 380 1157; x_wconf 88' lang='lat' dir='ltr'><strong>clam</strong></span> <span class='ocrx_word' id='word_1_287' title='bbox 402 1128 513 1158; x_wconf 86' lang='lat' dir='ltr'><strong>urbem</strong></span> <span class='ocrx_word' id='word_1_288' title='bbox 534 1129 692 1168; x_wconf 82' lang='lat' dir='ltr'><strong>ingressos</strong></span> <span class='ocrx_word' id='word_1_289' title='bbox 715 1139 782 1159; x_wconf 87' lang='lat' dir='ltr'><strong>esse</strong></span> <span class='ocrx_word' id='word_1_290' title='bbox 805 1129 842 1158; x_wconf 84' lang='lat' dir='ltr'><strong>ad</strong></span> <span class='ocrx_word' id='word_1_291' title='bbox 865 1129 965 1159; x_wconf 85' lang='lat' dir='ltr'><strong>studia</strong></span> <span class='ocrx_word' id='word_1_292' title='bbox 989 1130 1158 1168; x_wconf 83' lang='lat' dir='ltr'><strong>noscenda,</strong></span> <span class='ocrx_word' id='word_1_293' title='bbox 1182 1130 1333 1170; x_wconf 87' lang='lat' dir='ltr'><strong>suspicio.</strong></span> <span class='ocrx_word' id='word_1_294' title='bbox 1376 1131 1444 1160; x_wconf 89' lang='lat' dir='ltr'><strong>llae</strong></span> <span class='ocrx_word' id='word_1_295' title='bbox 1469 1131 1597 1172; x_wconf 86' lang='lat' dir='ltr'><strong>quidem</strong></span> <span class='ocrx_word' id='word_1_296' title='bbox 1620 1131 1729 1161; x_wconf 83' lang='lat' dir='ltr'><strong>formi-</strong></span> 
     </span>
     <span class='ocr_line' id='line_1_26' title="bbox 167 1169 1729 1210; baseline 0.003 -12"><span class='ocrx_word' id='word_1_297' title='bbox 167 1170 255 1199; x_wconf 83' lang='lat' dir='ltr'><strong>dines</strong></span> <span class='ocrx_word' id='word_1_298' title='bbox 284 1169 393 1198; x_wconf 84' lang='lat' dir='ltr'><strong>domos</strong></span> <span class='ocrx_word' id='word_1_299' title='bbox 422 1169 600 1208; x_wconf 85' lang='lat' dir='ltr'><strong>implebant.</strong></span> <span class='ocrx_word' id='word_1_300' title='bbox 649 1170 712 1199; x_wconf 85' lang='lat' dir='ltr'><strong>Sed</strong></span> <span class='ocrx_word' id='word_1_301' title='bbox 744 1170 869 1210; x_wconf 88' lang='lat' dir='ltr'><strong>publica</strong></span> <span class='ocrx_word' id='word_1_302' title='bbox 899 1171 1068 1210; x_wconf 80' lang='lat' dir='ltr'><strong>trepidatio</strong></span> <span class='ocrx_word' id='word_1_303' title='bbox 1100 1172 1191 1201; x_wconf 85' lang='lat' dir='ltr'><strong>etiam</strong></span> <span class='ocrx_word' id='word_1_304' title='bbox 1216 1173 1334 1208; x_wconf 79' lang='lat' dir='ltr'><strong>maior3</strong></span> <span class='ocrx_word' id='word_1_305' title='bbox 1371 1173 1401 1209; x_wconf 87' lang='lat' dir='ltr'><strong>a)</strong></span> <span class='ocrx_word' id='word_1_306' title='bbox 1432 1184 1501 1201; x_wconf 86' lang='lat' dir='ltr'><strong>nam</strong></span> <span class='ocrx_word' id='word_1_307' title='bbox 1534 1173 1573 1201; x_wconf 87' lang='lat' dir='ltr'><strong>ad</strong></span> <span class='ocrx_word' id='word_1_308' title='bbox 1603 1183 1729 1203; x_wconf 87' lang='lat' dir='ltr'><strong>omnem</strong></span> 
     </span>
     <span class='ocr_line' id='line_1_27' title="bbox 166 1210 1729 1251; baseline 0.003 -12"><span class='ocrx_word' id='word_1_309' title='bbox 166 1210 351 1240; x_wconf 85' lang='lat' dir='ltr'><strong>nunciorum</strong></span> <span class='ocrx_word' id='word_1_310' title='bbox 376 1211 556 1242; x_wconf 74' lang='lat' dir='ltr'><strong>varietatem</strong></span> <span class='ocrx_word' id='word_1_311' title='bbox 586 1213 686 1240; x_wconf 77' lang='lat' dir='ltr'><strong>vultus</strong></span> <span class='ocrx_word' id='word_1_312' title='bbox 713 1211 869 1251; x_wconf 76' lang='lat' dir='ltr'><strong>tingendi3</strong></span> <span class='ocrx_word' id='word_1_313' title='bbox 902 1212 936 1250; x_wconf 89' lang='lat' dir='ltr'><strong>b)</strong></span> <span class='ocrx_word' id='word_1_314' title='bbox 968 1212 1078 1241; x_wconf 78' lang='lat' dir='ltr'><strong>cadem</strong></span> <span class='ocrx_word' id='word_1_315' title='bbox 1103 1223 1138 1242; x_wconf 88' lang='lat' dir='ltr'><strong>ac</strong></span> <span class='ocrx_word' id='word_1_316' title='bbox 1167 1213 1383 1242; x_wconf 85' lang='lat' dir='ltr'><strong>vehementior</strong></span> <span class='ocrx_word' id='word_1_317' title='bbox 1417 1224 1491 1242; x_wconf 86' lang='lat' dir='ltr'><strong>cura</strong></span> <span class='ocrx_word' id='word_1_318' title='bbox 1516 1214 1664 1250; x_wconf 84' lang='lat' dir='ltr'><strong>Senatus,</strong></span> <span class='ocrx_word' id='word_1_319' title='bbox 1695 1220 1729 1244; x_wconf 85' lang='lat' dir='ltr'><strong>ut</strong></span> 
     </span>
     <span class='ocr_line' id='line_1_28' title="bbox 168 1251 1727 1293; baseline 0.003 -13"><span class='ocrx_word' id='word_1_320' title='bbox 168 1251 251 1290; x_wconf 76' lang='lat' dir='ltr'><strong>apud</strong></span> <span class='ocrx_word' id='word_1_321' title='bbox 279 1262 407 1291; x_wconf 80' lang='lat' dir='ltr'><strong>gnarum</strong></span> <span class='ocrx_word' id='word_1_322' title='bbox 437 1252 620 1281; x_wconf 78' lang='lat' dir='ltr'><strong>adulationis</strong></span> <span class='ocrx_word' id='word_1_323' title='bbox 651 1252 828 1289; x_wconf 82' lang='lat' dir='ltr'><strong>Othonem3</strong></span> <span class='ocrx_word' id='word_1_324' title='bbox 862 1253 894 1291; x_wconf 89' lang='lat' dir='ltr'><strong>c)</strong></span> <span class='ocrx_word' id='word_1_325' title='bbox 924 1254 1077 1293; x_wconf 81' lang='lat' dir='ltr'><strong>Prodigia</strong></span> <span class='ocrx_word' id='word_1_326' title='bbox 1105 1254 1234 1293; x_wconf 83' lang='lat' dir='ltr'><strong>insuper</strong></span> <span class='ocrx_word' id='word_1_327' title='bbox 1263 1254 1347 1283; x_wconf 76' lang='lat' dir='ltr'><strong>varia</strong></span> <span class='ocrx_word' id='word_1_328' title='bbox 1370 1261 1401 1284; x_wconf 90' lang='lat' dir='ltr'><strong>et</strong></span> <span class='ocrx_word' id='word_1_329' title='bbox 1423 1255 1544 1285; x_wconf 80' lang='lat' dir='ltr'><strong>Tiberis</strong></span> <span class='ocrx_word' id='word_1_330' title='bbox 1567 1256 1727 1286; x_wconf 85' lang='lat' dir='ltr'><strong>inundatio</strong></span> 
     </span>
     <span class='ocr_line' id='line_1_29' title="bbox 168 1292 1320 1334; baseline 0.002 -12"><span class='ocrx_word' id='word_1_331' title='bbox 168 1292 410 1332; x_wconf 68' lang='lat' dir='ltr'><strong>obsti-actaeque</strong></span> <span class='ocrx_word' id='word_1_332' title='bbox 432 1292 509 1330; x_wconf 71' lang='lat' dir='ltr'><strong>viae,</strong></span> <span class='ocrx_word' id='word_1_333' title='bbox 532 1293 644 1334; x_wconf 87' lang='lat' dir='ltr'><strong>quibus</strong></span> <span class='ocrx_word' id='word_1_334' title='bbox 667 1300 775 1323; x_wconf 85' lang='lat' dir='ltr'><strong>contra</strong></span> <span class='ocrx_word' id='word_1_335' title='bbox 794 1294 918 1324; x_wconf 88' lang='lat' dir='ltr'><strong>hostem</strong></span> <span class='ocrx_word' id='word_1_336' title='bbox 941 1301 1007 1324; x_wconf 87' lang='lat' dir='ltr'><strong>erat</strong></span> <span class='ocrx_word' id='word_1_337' title='bbox 1030 1295 1167 1324; x_wconf 84' lang='lat' dir='ltr'><strong>eundum</strong></span> <span class='ocrx_word' id='word_1_338' title='bbox 1189 1295 1320 1325; x_wconf 88' lang='lat' dir='ltr'><strong>Othoni.</strong></span> 
     </span>
    </p>
   </div>
   <div class='ocr_carea' id='block_1_3' title="bbox 317 1345 1729 1388">
    <p class='ocr_par' dir='ltr' id='par_1_3' title="bbox 317 1345 1729 1388">
     <span class='ocr_line' id='line_1_30' title="bbox 317 1345 1729 1388; baseline 0.004 -14"><span class='ocrx_word' id='word_1_339' title='bbox 317 1345 365 1375; x_wconf 88' lang='lat' dir='ltr'><strong>De</strong></span> <span class='ocrx_word' id='word_1_340' title='bbox 382 1352 470 1384; x_wconf 81' lang='lat' dir='ltr'><strong>ponte</strong></span> <span class='ocrx_word' id='word_1_341' title='bbox 484 1354 628 1386; x_wconf 80' lang='lat' dir='ltr'><strong>prerupto</strong></span> <span class='ocrx_word' id='word_1_342' title='bbox 651 1346 683 1375; x_wconf 92' lang='lat' dir='ltr'><strong>in</strong></span> <span class='ocrx_word' id='word_1_343' title='bbox 704 1346 814 1377; x_wconf 84' lang='lat' dir='ltr'><strong>eodem</strong></span> <span class='ocrx_word' id='word_1_344' title='bbox 837 1346 899 1377; x_wconf 79' lang='lat' dir='ltr'><strong>hoc</strong></span> <span class='ocrx_word' id='word_1_345' title='bbox 922 1346 1024 1387; x_wconf 83' lang='lat' dir='ltr'><strong>capite</strong></span> <span class='ocrx_word' id='word_1_346' title='bbox 1046 1347 1274 1387; x_wconf 75' lang='lat' dir='ltr'><strong>disputavimus</strong></span> <span class='ocrx_word' id='word_1_347' title='bbox 1297 1357 1376 1378; x_wconf 87' lang='lat' dir='ltr'><strong>anno</strong></span> <span class='ocrx_word' id='word_1_348' title='bbox 1400 1346 1581 1387; x_wconf 87' lang='lat' dir='ltr'><strong>superiore,</strong></span> <span class='ocrx_word' id='word_1_349' title='bbox 1605 1357 1678 1388; x_wconf 83' lang='lat' dir='ltr'><strong>pag.</strong></span> <span class='ocrx_word' id='word_1_350' title='bbox 1699 1347 1729 1379; x_wconf 85' lang='lat'><strong>8.</strong></span> 
     </span>
    </p>
   </div>
   <div class='ocr_carea' id='block_1_4' title="bbox 821 1411 1064 1449">
    <p class='ocr_par' dir='ltr' id='par_1_4' title="bbox 821 1411 1064 1449">
     <span class='ocr_line' id='line_1_31' title="bbox 821 1411 1064 1449; baseline 0.012 -9"><span class='ocrx_word' id='word_1_351' title='bbox 821 1411 891 1441; x_wconf 67' lang='lat' dir='ltr'><strong>nis</strong></span> <span class='ocrx_word' id='word_1_352' title='bbox 901 1417 922 1441; x_wconf 86' lang='lat' dir='ltr'><strong>t.</strong></span> <span class='ocrx_word' id='word_1_353' title='bbox 949 1412 982 1449; x_wconf 89' lang='lat'><strong>1.‚</strong></span> <span class='ocrx_word' id='word_1_354' title='bbox 1014 1412 1064 1443; x_wconf 78' lang='lat'><strong>87.</strong></span> 
     </span>
    </p>
   </div>
   <div class='ocr_carea' id='block_1_5' title="bbox 169 1462 1731 1585">
    <p class='ocr_par' dir='ltr' id='par_1_5' title="bbox 169 1462 1731 1585">
     <span class='ocr_line' id='line_1_32' title="bbox 319 1462 1730 1503; baseline 0.001 -10"><span class='ocrx_word' id='word_1_355' title='bbox 319 1462 445 1493; x_wconf 82' lang='lat' dir='ltr'><strong>Samma</strong></span> <span class='ocrx_word' id='word_1_356' title='bbox 477 1464 665 1503; x_wconf 72' lang='lat' dir='ltr'><strong>expeditionis</strong></span> <span class='ocrx_word' id='word_1_357' title='bbox 696 1462 828 1493; x_wconf 75' lang='lat' dir='ltr'><strong>Antonio</strong></span> <span class='ocrx_word' id='word_1_358' title='bbox 863 1463 990 1493; x_wconf 73' lang='lat' dir='ltr'><strong>Novello</strong></span> <span class='ocrx_word' id='word_1_359' title='bbox 1022 1469 1082 1493; x_wconf 83' lang='lat' dir='ltr'><strong>etc.</strong></span> <span class='ocrx_word' id='word_1_360' title='bbox 1111 1465 1266 1502; x_wconf 83' lang='lat' dir='ltr'><strong>permissa.</strong></span> <span class='ocrx_word' id='word_1_361' title='bbox 1330 1463 1439 1493; x_wconf 83' lang='lat' dir='ltr'><strong>Curam</strong></span> <span class='ocrx_word' id='word_1_362' title='bbox 1474 1465 1594 1494; x_wconf 67' lang='lat' dir='ltr'><strong>nat-ium</strong></span> <span class='ocrx_word' id='word_1_363' title='bbox 1635 1464 1730 1495; x_wconf 80' lang='lat' dir='ltr'><strong>Oscas</strong></span> 
     </span>
     <span class='ocr_line' id='line_1_33' title="bbox 169 1504 1731 1547; baseline 0.002 -14"><span class='ocrx_word' id='word_1_364' title='bbox 169 1504 283 1533; x_wconf 81' lang='lat' dir='ltr'><strong>libertus</strong></span> <span class='ocrx_word' id='word_1_365' title='bbox 305 1506 454 1543; x_wconf 78' lang='lat' dir='ltr'><strong>retinebat,</strong></span> <span class='ocrx_word' id='word_1_366' title='bbox 484 1507 524 1534; x_wconf 83' lang='lat' dir='ltr'><strong>ad</strong></span> <span class='ocrx_word' id='word_1_367' title='bbox 544 1506 750 1534; x_wconf 71' lang='lat' dir='ltr'><strong>observandam</strong></span> <span class='ocrx_word' id='word_1_368' title='bbox 773 1506 972 1534; x_wconf 81' lang='lat' dir='ltr'><strong>honestiorum</strong></span> <span class='ocrx_word' id='word_1_369' title='bbox 984 1504 1080 1545; x_wconf 84' lang='lat' dir='ltr'><strong>fidem</strong></span> <span class='ocrx_word' id='word_1_370' title='bbox 1099 1506 1328 1535; x_wconf 83' lang='lat' dir='ltr'><strong>immutatus.</strong></span> <span class='ocrx_word' id='word_1_371' title='bbox 1380 1505 1522 1535; x_wconf 80' lang='lat' dir='ltr'><strong>Peditum</strong></span> <span class='ocrx_word' id='word_1_372' title='bbox 1546 1507 1731 1547; x_wconf 77' lang='lat' dir='ltr'><strong>equitumque</strong></span> 
     </span>
     <span class='ocr_line' id='line_1_34' title="bbox 170 1545 853 1585; baseline 0.001 -11"><span class='ocrx_word' id='word_1_373' title='bbox 170 1546 260 1585; x_wconf 79' lang='lat' dir='ltr'><strong>copiis</strong></span> <span class='ocrx_word' id='word_1_374' title='bbox 282 1545 433 1575; x_wconf 85' lang='lat' dir='ltr'><strong>Suetonius</strong></span> <span class='ocrx_word' id='word_1_375' title='bbox 455 1546 603 1576; x_wconf 82' lang='lat' dir='ltr'><strong>Paulinus</strong></span> <span class='ocrx_word' id='word_1_376' title='bbox 626 1552 686 1576; x_wconf 82' lang='lat' dir='ltr'><strong>ete.</strong></span> <span class='ocrx_word' id='word_1_377' title='bbox 709 1547 853 1576; x_wconf 66' lang='lat' dir='ltr'><strong>destinati-</strong></span> 
     </span>
    </p>
   </div>
   <div class='ocr_carea' id='block_1_6' title="bbox 171 1595 1732 2050">
    <p class='ocr_par' dir='ltr' id='par_1_6' title="bbox 171 1595 1732 2050">
     <span class='ocr_line' id='line_1_35' title="bbox 319 1595 1729 1628; baseline 0.001 -4"><span class='ocrx_word' id='word_1_378' title='bbox 319 1596 448 1625; x_wconf 81' lang='lat' dir='ltr'><strong>Codices</strong></span> <span class='ocrx_word' id='word_1_379' title='bbox 470 1613 510 1618; x_wconf 88' lang='lat'>—</span> <span class='ocrx_word' id='word_1_380' title='bbox 529 1597 559 1625; x_wconf 88' lang='lat' dir='ltr'><strong>in</strong></span> <span class='ocrx_word' id='word_1_381' title='bbox 582 1597 668 1627; x_wconf 88' lang='lat' dir='ltr'><strong>Flor.</strong></span> <span class='ocrx_word' id='word_1_382' title='bbox 691 1597 804 1626; x_wconf 86' lang='lat' dir='ltr'><strong>iterum</strong></span> <span class='ocrx_word' id='word_1_383' title='bbox 826 1597 878 1627; x_wconf 90' lang='lat' dir='ltr'><strong>hic</strong></span> <span class='ocrx_word' id='word_1_384' title='bbox 900 1596 1011 1627; x_wconf 75' lang='lat' dir='ltr'><strong>folium</strong></span> <span class='ocrx_word' id='word_1_385' title='bbox 1039 1597 1199 1627; x_wconf 87' lang='lat' dir='ltr'><strong>intercidit</strong></span> <span class='ocrx_word' id='word_1_386' title='bbox 1219 1616 1256 1621; x_wconf 90' lang='lat'>—</span> <span class='ocrx_word' id='word_1_387' title='bbox 1282 1608 1345 1628; x_wconf 88' lang='lat' dir='ltr'><strong>non</strong></span> <span class='ocrx_word' id='word_1_388' title='bbox 1368 1598 1495 1627; x_wconf 88' lang='lat' dir='ltr'><strong>omnino</strong></span> <span class='ocrx_word' id='word_1_389' title='bbox 1518 1596 1579 1626; x_wconf 91' lang='lat' dir='ltr'><strong>hoc</strong></span> <span class='ocrx_word' id='word_1_390' title='bbox 1601 1595 1633 1626; x_wconf 89' lang='lat' dir='ltr'><strong>in</strong></span> <span class='ocrx_word' id='word_1_391' title='bbox 1655 1595 1729 1626; x_wconf 89' lang='lat' dir='ltr'><strong>loco</strong></span> 
     </span>
     <span class='ocr_line' id='line_1_36' title="bbox 172 1635 1730 1678; baseline 0.001 -12"><span class='ocrx_word' id='word_1_392' title='bbox 172 1635 232 1666; x_wconf 80' lang='lat' dir='ltr'><strong>sihi</strong></span> <span class='ocrx_word' id='word_1_393' title='bbox 253 1643 404 1673; x_wconf 82' lang='lat' dir='ltr'><strong>constant,</strong></span> <span class='ocrx_word' id='word_1_394' title='bbox 431 1644 465 1666; x_wconf 89' lang='lat' dir='ltr'><strong>ut</strong></span> <span class='ocrx_word' id='word_1_395' title='bbox 486 1637 518 1666; x_wconf 88' lang='lat' dir='ltr'><strong>in</strong></span> <span class='ocrx_word' id='word_1_396' title='bbox 539 1638 653 1678; x_wconf 88' lang='lat' dir='ltr'><strong>quibus</strong></span> <span class='ocrx_word' id='word_1_397' title='bbox 683 1640 863 1678; x_wconf 70' lang='lat' dir='ltr'><strong>immutatus,</strong></span> <span class='ocrx_word' id='word_1_398' title='bbox 893 1641 1039 1675; x_wconf 68' lang='lat' dir='ltr'><strong>invitatus,</strong></span> <span class='ocrx_word' id='word_1_399' title='bbox 1067 1641 1167 1669; x_wconf 87' lang='lat' dir='ltr'><strong>imitus</strong></span> <span class='ocrx_word' id='word_1_400' title='bbox 1189 1639 1373 1669; x_wconf 80' lang='lat' dir='ltr'><strong>inveniatur.</strong></span> <span class='ocrx_word' id='word_1_401' title='bbox 1417 1640 1462 1668; x_wconf 84' lang='lat' dir='ltr'><strong>Ea</strong></span> <span class='ocrx_word' id='word_1_402' title='bbox 1486 1644 1599 1668; x_wconf 86' lang='lat' dir='ltr'><strong>cuncta</strong></span> <span class='ocrx_word' id='word_1_403' title='bbox 1621 1647 1730 1668; x_wconf 77' lang='lat' dir='ltr'><strong>omnes</strong></span> 
     </span>
     <span class='ocr_line' id='line_1_37' title="bbox 171 1677 1731 1720; baseline 0.002 -14"><span class='ocrx_word' id='word_1_404' title='bbox 171 1677 351 1716; x_wconf 84' lang='lat' dir='ltr'><strong>interpretes</strong></span> <span class='ocrx_word' id='word_1_405' title='bbox 373 1686 575 1718; x_wconf 76' lang='lat' dir='ltr'><strong>spreverunt3</strong></span> <span class='ocrx_word' id='word_1_406' title='bbox 597 1689 699 1720; x_wconf 86' lang='lat' dir='ltr'><strong>neque</strong></span> <span class='ocrx_word' id='word_1_407' title='bbox 720 1686 823 1708; x_wconf 85' lang='lat' dir='ltr'><strong>tamen</strong></span> <span class='ocrx_word' id='word_1_408' title='bbox 846 1680 986 1720; x_wconf 88' lang='lat' dir='ltr'><strong>ipsorum</strong></span> <span class='ocrx_word' id='word_1_409' title='bbox 1006 1682 1132 1710; x_wconf 77' lang='lat' dir='ltr'><strong>inventa</strong></span> <span class='ocrx_word' id='word_1_410' title='bbox 1156 1680 1194 1709; x_wconf 85' lang='lat' dir='ltr'><strong>ab</strong></span> <span class='ocrx_word' id='word_1_411' title='bbox 1218 1681 1286 1710; x_wconf 89' lang='lat' dir='ltr'><strong>aliis</strong></span> <span class='ocrx_word' id='word_1_412' title='bbox 1309 1680 1514 1720; x_wconf 85' lang='lat' dir='ltr'><strong>comprobata</strong></span> <span class='ocrx_word' id='word_1_413' title='bbox 1538 1685 1618 1709; x_wconf 82' lang='lat' dir='ltr'><strong>sunt.</strong></span> <span class='ocrx_word' id='word_1_414' title='bbox 1659 1679 1731 1709; x_wconf 87' lang='lat' dir='ltr'><strong>Ple-</strong></span> 
     </span>
     <span class='ocr_line' id='line_1_38' title="bbox 171 1720 1730 1762; baseline 0.001 -15"><span class='ocrx_word' id='word_1_415' title='bbox 171 1729 306 1759; x_wconf 86' lang='lat' dir='ltr'><strong>rumque</strong></span> <span class='ocrx_word' id='word_1_416' title='bbox 327 1729 404 1748; x_wconf 69' lang='lat' dir='ltr'><strong>vcro</strong></span> <span class='ocrx_word' id='word_1_417' title='bbox 427 1720 512 1759; x_wconf 87' lang='lat' dir='ltr'><strong>quod</strong></span> <span class='ocrx_word' id='word_1_418' title='bbox 533 1731 550 1749; x_wconf 91' lang='lat' dir='ltr'><strong>a</strong></span> <span class='ocrx_word' id='word_1_419' title='bbox 571 1721 597 1749; x_wconf 88' lang='lat' dir='ltr'><strong>J.</strong></span> <span class='ocrx_word' id='word_1_420' title='bbox 621 1721 707 1749; x_wconf 84' lang='lat' dir='ltr'><strong>Frid.</strong></span> <span class='ocrx_word' id='word_1_421' title='bbox 726 1721 887 1750; x_wconf 79' lang='lat' dir='ltr'><strong>Gronovio</strong></span> <span class='ocrx_word' id='word_1_422' title='bbox 910 1721 1067 1759; x_wconf 85' lang='lat' dir='ltr'><strong>suadetur,</strong></span> <span class='ocrx_word' id='word_1_423' title='bbox 1100 1724 1257 1751; x_wconf 81' lang='lat' dir='ltr'><strong>comitatus</strong></span> <span class='ocrx_word' id='word_1_424' title='bbox 1278 1732 1355 1762; x_wconf 84' lang='lat' dir='ltr'><strong>prae</strong></span> <span class='ocrx_word' id='word_1_425' title='bbox 1379 1722 1492 1751; x_wconf 83' lang='lat' dir='ltr'><strong>ceteris</strong></span> <span class='ocrx_word' id='word_1_426' title='bbox 1513 1721 1628 1761; x_wconf 87' lang='lat' dir='ltr'><strong>placet.</strong></span> <span class='ocrx_word' id='word_1_427' title='bbox 1667 1720 1730 1750; x_wconf 83' lang='lat' dir='ltr'><strong>Sed</strong></span> 
     </span>
     <span class='ocr_line' id='line_1_39' title="bbox 171 1761 1731 1804; baseline 0.001 -16"><span class='ocrx_word' id='word_1_428' title='bbox 171 1768 234 1788; x_wconf 85' lang='lat' dir='ltr'><strong>non</strong></span> <span class='ocrx_word' id='word_1_429' title='bbox 261 1766 360 1797; x_wconf 81' lang='lat' dir='ltr'><strong>recte3</strong></span> <span class='ocrx_word' id='word_1_430' title='bbox 395 1771 463 1789; x_wconf 82' lang='lat' dir='ltr'><strong>nam</strong></span> <span class='ocrx_word' id='word_1_431' title='bbox 491 1761 522 1789; x_wconf 89' lang='lat' dir='ltr'><strong>in</strong></span> <span class='ocrx_word' id='word_1_432' title='bbox 554 1763 693 1790; x_wconf 83' lang='lat' dir='ltr'><strong>comitatu</strong></span> <span class='ocrx_word' id='word_1_433' title='bbox 713 1761 810 1792; x_wconf 87' lang='lat' dir='ltr'><strong>fuisse</strong></span> <span class='ocrx_word' id='word_1_434' title='bbox 831 1763 855 1792; x_wconf 89' lang='lat' dir='ltr'><strong>is</strong></span> <span class='ocrx_word' id='word_1_435' title='bbox 878 1773 939 1792; x_wconf 91' lang='lat' dir='ltr'><strong>non</strong></span> <span class='ocrx_word' id='word_1_436' title='bbox 961 1769 1066 1802; x_wconf 86' lang='lat' dir='ltr'><strong>potest</strong></span> <span class='ocrx_word' id='word_1_437' title='bbox 1087 1763 1164 1801; x_wconf 81' lang='lat' dir='ltr'><strong>dici,</strong></span> <span class='ocrx_word' id='word_1_438' title='bbox 1196 1764 1250 1804; x_wconf 87' lang='lat' dir='ltr'><strong>qui</strong></span> <span class='ocrx_word' id='word_1_439' title='bbox 1271 1763 1400 1793; x_wconf 75' lang='lat' dir='ltr'><strong>navibus</strong></span> <span class='ocrx_word' id='word_1_440' title='bbox 1423 1768 1578 1803; x_wconf 81' lang='lat' dir='ltr'><strong>praeerat.</strong></span> <span class='ocrx_word' id='word_1_441' title='bbox 1620 1761 1731 1802; x_wconf 80' lang='lat' dir='ltr'><strong>Neque</strong></span> 
     </span>
     <span class='ocr_line' id='line_1_40' title="bbox 173 1799 1731 1844; baseline 0.002 -16"><span class='ocrx_word' id='word_1_442' title='bbox 173 1799 258 1829; x_wconf 78' lang='lat' dir='ltr'><strong>atiud</strong></span> <span class='ocrx_word' id='word_1_443' title='bbox 284 1800 491 1831; x_wconf 74' lang='lat' dir='ltr'><strong>observarunt</strong></span> <span class='ocrx_word' id='word_1_444' title='bbox 516 1802 576 1831; x_wconf 66' lang='lat' dir='ltr'><strong>viri</strong></span> <span class='ocrx_word' id='word_1_445' title='bbox 602 1803 719 1840; x_wconf 83' lang='lat' dir='ltr'><strong>critici,</strong></span> <span class='ocrx_word' id='word_1_446' title='bbox 753 1803 835 1844; x_wconf 92' lang='lat' dir='ltr'><strong>quod</strong></span> <span class='ocrx_word' id='word_1_447' title='bbox 866 1804 1001 1834; x_wconf 74' lang='lat' dir='ltr'><strong>maxime</strong></span> <span class='ocrx_word' id='word_1_448' title='bbox 1024 1811 1092 1834; x_wconf 85' lang='lat' dir='ltr'><strong>erat</strong></span> <span class='ocrx_word' id='word_1_449' title='bbox 1112 1805 1296 1838; x_wconf 79' lang='lat' dir='ltr'><strong>tenendum3</strong></span> <span class='ocrx_word' id='word_1_450' title='bbox 1330 1803 1381 1833; x_wconf 86' lang='lat' dir='ltr'><strong>hic</strong></span> <span class='ocrx_word' id='word_1_451' title='bbox 1403 1815 1465 1834; x_wconf 91' lang='lat' dir='ltr'><strong>non</strong></span> <span class='ocrx_word' id='word_1_452' title='bbox 1487 1813 1596 1833; x_wconf 78' lang='lat' dir='ltr'><strong>novum</strong></span> <span class='ocrx_word' id='word_1_453' title='bbox 1617 1812 1731 1842; x_wconf 73' lang='lat' dir='ltr'><strong>munus</strong></span> 
     </span>
     <span class='ocr_line' id='line_1_41' title="bbox 171 1841 1732 1884; baseline 0.002 -14"><span class='ocrx_word' id='word_1_454' title='bbox 171 1850 240 1870; x_wconf 81' lang='lat' dir='ltr'><strong>esse</strong></span> <span class='ocrx_word' id='word_1_455' title='bbox 265 1841 365 1882; x_wconf 88' lang='lat' dir='ltr'><strong>(quod</strong></span> <span class='ocrx_word' id='word_1_456' title='bbox 391 1849 494 1880; x_wconf 33' lang='lat' dir='ltr'><strong>tamen,</strong></span> <span class='ocrx_word' id='word_1_457' title='bbox 517 1843 620 1872; x_wconf 88' lang='lat' dir='ltr'><strong>omnia</strong></span> <span class='ocrx_word' id='word_1_458' title='bbox 648 1844 686 1873; x_wconf 83' lang='lat' dir='ltr'><strong>ab</strong></span> <span class='ocrx_word' id='word_1_459' title='bbox 715 1844 938 1884; x_wconf 85' lang='lat' dir='ltr'><strong>interpretibus</strong></span> <span class='ocrx_word' id='word_1_460' title='bbox 965 1845 1062 1875; x_wconf 77' lang='lat' dir='ltr'><strong>verba</strong></span> <span class='ocrx_word' id='word_1_461' title='bbox 1091 1846 1217 1875; x_wconf 77' lang='lat' dir='ltr'><strong>inventa</strong></span> <span class='ocrx_word' id='word_1_462' title='bbox 1245 1845 1406 1875; x_wconf 81' lang='lat' dir='ltr'><strong>invehunt:</strong></span> <span class='ocrx_word' id='word_1_463' title='bbox 1441 1847 1612 1879; x_wconf 72' lang='lat' dir='ltr'><strong>comitatus,</strong></span> <span class='ocrx_word' id='word_1_464' title='bbox 1643 1843 1732 1873; x_wconf 79' lang='lat' dir='ltr'><strong>sirnul</strong></span> 
     </span>
     <span class='ocr_line' id='line_1_42' title="bbox 173 1883 1729 1927; baseline 0.002 -16"><span class='ocrx_word' id='word_1_465' title='bbox 173 1883 276 1919; x_wconf 84' lang='lat' dir='ltr'><strong>datus,</strong></span> <span class='ocrx_word' id='word_1_466' title='bbox 298 1884 465 1920; x_wconf 77' lang='lat' dir='ltr'><strong>immixtus,</strong></span> <span class='ocrx_word' id='word_1_467' title='bbox 497 1886 666 1923; x_wconf 76' lang='lat' dir='ltr'><strong>imposituS,</strong></span> <span class='ocrx_word' id='word_1_468' title='bbox 698 1887 856 1924; x_wconf 80' lang='lat' dir='ltr'><strong>imputatus</strong></span> <span class='ocrx_word' id='word_1_469' title='bbox 882 1886 975 1926; x_wconf 85' lang='lat' dir='ltr'><strong>etc.);</strong></span> <span class='ocrx_word' id='word_1_470' title='bbox 1006 1887 1061 1916; x_wconf 90' lang='lat' dir='ltr'><strong>sed</strong></span> <span class='ocrx_word' id='word_1_471' title='bbox 1089 1887 1174 1927; x_wconf 85' lang='lat' dir='ltr'><strong>quod</strong></span> <span class='ocrx_word' id='word_1_472' title='bbox 1204 1887 1306 1917; x_wconf 84' lang='lat' dir='ltr'><strong>Oscus</strong></span> <span class='ocrx_word' id='word_1_473' title='bbox 1334 1888 1396 1915; x_wconf 85' lang='lat' dir='ltr'><strong>iam</strong></span> <span class='ocrx_word' id='word_1_474' title='bbox 1418 1886 1537 1916; x_wconf 87' lang='lat' dir='ltr'><strong>dudum</strong></span> <span class='ocrx_word' id='word_1_475' title='bbox 1558 1885 1729 1922; x_wconf 85' lang='lat' dir='ltr'><strong>habuerat3</strong></span> 
     </span>
     <span class='ocr_line' id='line_1_43' title="bbox 173 1925 1732 1968; baseline 0.003 -16"><span class='ocrx_word' id='word_1_476' title='bbox 173 1933 270 1963; x_wconf 86' lang='lat' dir='ltr'><strong>quum</strong></span> <span class='ocrx_word' id='word_1_477' title='bbox 293 1929 393 1954; x_wconf 86' lang='lat' dir='ltr'><strong>tamen</strong></span> <span class='ocrx_word' id='word_1_478' title='bbox 415 1936 478 1965; x_wconf 89' lang='lat' dir='ltr'><strong>quo</strong></span> <span class='ocrx_word' id='word_1_479' title='bbox 500 1926 598 1965; x_wconf 81' lang='lat' dir='ltr'><strong>magis</strong></span> <span class='ocrx_word' id='word_1_480' title='bbox 621 1925 652 1955; x_wconf 89' lang='lat' dir='ltr'><strong>id</strong></span> <span class='ocrx_word' id='word_1_481' title='bbox 675 1926 845 1963; x_wconf 88' lang='lat' dir='ltr'><strong>indicaret,</strong></span> <span class='ocrx_word' id='word_1_482' title='bbox 871 1927 902 1956; x_wconf 91' lang='lat' dir='ltr'><strong>in</strong></span> <span class='ocrx_word' id='word_1_483' title='bbox 925 1928 1034 1957; x_wconf 86' lang='lat' dir='ltr'><strong>mediis</strong></span> <span class='ocrx_word' id='word_1_484' title='bbox 1056 1927 1207 1967; x_wconf 83' lang='lat' dir='ltr'><strong>perfectis</strong></span> <span class='ocrx_word' id='word_1_485' title='bbox 1230 1929 1355 1957; x_wconf 85' lang='lat' dir='ltr'><strong>&#39;l&#39;acitus</strong></span> <span class='ocrx_word' id='word_1_486' title='bbox 1377 1928 1566 1968; x_wconf 65' lang='lat' dir='ltr'><strong>imperfecto</strong></span> <span class='ocrx_word' id='word_1_487' title='bbox 1588 1937 1661 1956; x_wconf 85' lang='lat' dir='ltr'><strong>usus</strong></span> <span class='ocrx_word' id='word_1_488' title='bbox 1682 1925 1732 1965; x_wconf 84' lang='lat' dir='ltr'><strong>sit,</strong></span> 
     </span>
     <span class='ocr_line' id='line_1_44' title="bbox 172 1964 1728 2009; baseline 0.003 -17"><span class='ocrx_word' id='word_1_489' title='bbox 172 1964 317 1994; x_wconf 85' lang='lat' dir='ltr'><strong>retinebat.</strong></span> <span class='ocrx_word' id='word_1_490' title='bbox 367 1967 488 1996; x_wconf 89' lang='lat' dir='ltr'><strong>Finitur</strong></span> <span class='ocrx_word' id='word_1_491' title='bbox 515 1973 619 1996; x_wconf 81' lang='lat' dir='ltr'><strong>autem</strong></span> <span class='ocrx_word' id='word_1_492' title='bbox 646 1967 867 2007; x_wconf 88' lang='lat' dir='ltr'><strong>quoddamodo</strong></span> <span class='ocrx_word' id='word_1_493' title='bbox 894 1969 978 1998; x_wconf 86' lang='lat' dir='ltr'><strong>istud</strong></span> <span class='ocrx_word' id='word_1_494' title='bbox 1007 1975 1131 2008; x_wconf 84' lang='lat' dir='ltr'><strong>tempus</strong></span> <span class='ocrx_word' id='word_1_495' title='bbox 1159 1969 1228 2009; x_wconf 81' lang='lat' dir='ltr'><strong>ipso</strong></span> <span class='ocrx_word' id='word_1_496' title='bbox 1250 1969 1312 1998; x_wconf 77' lang='lat' dir='ltr'><strong>hoc</strong></span> <span class='ocrx_word' id='word_1_497' title='bbox 1334 1969 1515 2009; x_wconf 84' lang='lat' dir='ltr'><strong>participio,</strong></span> <span class='ocrx_word' id='word_1_498' title='bbox 1547 1970 1728 1997; x_wconf 79' lang='lat' dir='ltr'><strong>immutatus.</strong></span> 
     </span>
     <span class='ocr_line' id='line_1_45' title="bbox 173 2004 1730 2050; baseline 0.003 -16"><span class='ocrx_word' id='word_1_499' title='bbox 173 2004 286 2034; x_wconf 86' lang='lat' dir='ltr'><strong>Munus</strong></span> <span class='ocrx_word' id='word_1_500' title='bbox 301 2008 437 2037; x_wconf 83' lang='lat' dir='ltr'><strong>retinebat</strong></span> <span class='ocrx_word' id='word_1_501' title='bbox 458 2018 546 2046; x_wconf 78' lang='lat' dir='ltr'><strong>neque</strong></span> <span class='ocrx_word' id='word_1_502' title='bbox 567 2016 695 2038; x_wconf 79' lang='lat' dir='ltr'><strong>mutatus</strong></span> <span class='ocrx_word' id='word_1_503' title='bbox 719 2017 760 2038; x_wconf 84' lang='lat' dir='ltr'><strong>est</strong></span> <span class='ocrx_word' id='word_1_504' title='bbox 782 2010 905 2038; x_wconf 78' lang='lat' dir='ltr'><strong>navium</strong></span> <span class='ocrx_word' id='word_1_505' title='bbox 921 2010 1111 2050; x_wconf 81' lang='lat' dir='ltr'><strong>praefectus,</strong></span> <span class='ocrx_word' id='word_1_506' title='bbox 1133 2011 1202 2050; x_wconf 87' lang='lat' dir='ltr'><strong>quia</strong></span> <span class='ocrx_word' id='word_1_507' title='bbox 1219 2010 1256 2039; x_wconf 86' lang='lat' dir='ltr'><strong>ad</strong></span> <span class='ocrx_word' id='word_1_508' title='bbox 1270 2010 1501 2040; x_wconf 75' lang='lat' dir='ltr'><strong>observandam</strong></span> <span class='ocrx_word' id='word_1_509' title='bbox 1514 2009 1730 2039; x_wconf 84' lang='lat' dir='ltr'><strong>honestiorum</strong></span> 
     </span>
    </p>
   </div>
   <div class='ocr_carea' id='block_1_7' title="bbox 173 2043 1745 2093">
    <p class='ocr_par' dir='ltr' id='par_1_7' title="bbox 173 2043 1745 2093">
     <span class='ocr_line' id='line_1_46' title="bbox 173 2043 1745 2093; baseline 0.003 -19"><span class='ocrx_word' id='word_1_510' title='bbox 173 2043 266 2075; x_wconf 85' lang='lat' dir='ltr'><strong>fidem</strong></span> <span class='ocrx_word' id='word_1_511' title='bbox 294 2047 423 2078; x_wconf 85' lang='lat' dir='ltr'><strong>idoneus</strong></span> <span class='ocrx_word' id='word_1_512' title='bbox 450 2049 534 2079; x_wconf 76' lang='lat' dir='ltr'><strong>visus</strong></span> <span class='ocrx_word' id='word_1_513' title='bbox 563 2056 618 2079; x_wconf 86' lang='lat' dir='ltr'><strong>est.</strong></span> <span class='ocrx_word' id='word_1_514' title='bbox 668 2050 741 2093; x_wconf 75' lang='lat' dir='ltr'><strong>Quo</strong></span> <span class='ocrx_word' id='word_1_515' title='bbox 768 2050 844 2091; x_wconf 88' lang='lat' dir='ltr'><strong>quid</strong></span> <span class='ocrx_word' id='word_1_516' title='bbox 868 2052 913 2080; x_wconf 78' lang='lat' dir='ltr'><strong>vel</strong></span> <span class='ocrx_word' id='word_1_517' title='bbox 941 2052 1039 2092; x_wconf 83' lang='lat' dir='ltr'><strong>magis</strong></span> <span class='ocrx_word' id='word_1_518' title='bbox 1067 2052 1178 2081; x_wconf 85' lang='lat' dir='ltr'><strong>Latine</strong></span> <span class='ocrx_word' id='word_1_519' title='bbox 1202 2051 1264 2081; x_wconf 84' lang='lat' dir='ltr'><strong>dici</strong></span> <span class='ocrx_word' id='word_1_520' title='bbox 1286 2051 1338 2081; x_wconf 75' lang='lat' dir='ltr'><strong>ve‘l</strong></span> <span class='ocrx_word' id='word_1_521' title='bbox 1360 2051 1400 2081; x_wconf 79' lang='lat' dir='ltr'><strong>ad</strong></span> <span class='ocrx_word' id='word_1_522' title='bbox 1419 2051 1609 2082; x_wconf 75' lang='lat' dir='ltr'><strong>sententiam</strong></span> <span class='ocrx_word' id='word_1_523' title='bbox 1627 2048 1745 2090; x_wconf 64' lang='lat' dir='ltr'><strong>aptius,</strong></span> 
     </span>
    </p>
   </div>
   <div class='ocr_carea' id='block_1_8' title="bbox 167 2085 1611 2137">
    <p class='ocr_par' dir='ltr' id='par_1_8' title="bbox 167 2085 1611 2137">
     <span class='ocr_line' id='line_1_47' title="bbox 167 2085 1611 2137; baseline 0.005 -21"><span class='ocrx_word' id='word_1_524' title='bbox 167 2085 308 2137; x_wconf 52' lang='lat' dir='ltr'><strong>‘inveniri</strong></span> <span class='ocrx_word' id='word_1_525' title='bbox 327 2090 436 2130; x_wconf 86' lang='lat' dir='ltr'><strong>possit,</strong></span> <span class='ocrx_word' id='word_1_526' title='bbox 455 2100 519 2120; x_wconf 88' lang='lat' dir='ltr'><strong>non</strong></span> <span class='ocrx_word' id='word_1_527' title='bbox 540 2100 601 2131; x_wconf 82' lang='lat' dir='ltr'><strong>ego</strong></span> <span class='ocrx_word' id='word_1_528' title='bbox 623 2090 726 2122; x_wconf 80' lang='lat' dir='ltr'><strong>video.</strong></span> <span class='ocrx_word' id='word_1_529' title='bbox 767 2093 833 2122; x_wconf 86' lang='lat' dir='ltr'><strong>Cur</strong></span> <span class='ocrx_word' id='word_1_530' title='bbox 852 2092 948 2134; x_wconf 81' lang='lat' dir='ltr'><strong>igitur</strong></span> <span class='ocrx_word' id='word_1_531' title='bbox 970 2092 1142 2135; x_wconf 85' lang='lat' dir='ltr'><strong>quidquam</strong></span> <span class='ocrx_word' id='word_1_532' title='bbox 1163 2091 1370 2134; x_wconf 81' lang='lat' dir='ltr'><strong>mutabimus?</strong></span> <span class='ocrx_word' id='word_1_533' title='bbox 1580 2099 1586 2103; x_wconf 66' lang='lat'><em>¹</em></span> <span class='ocrx_word' id='word_1_534' title='bbox 1607 2106 1611 2109; x_wconf 84' lang='lat'>·</span> 
     </span>
    </p>
   </div>
  </div>
 </body>
</html>
