1794 2318
207 706 398 770 Repositas
436 728 661 771 aliquantisper
696 728 932 759 observationes
959 729 1160 761 Cornelianas
1188 731 1250 760 iam
1286 731 1326 760 ad
1352 730 1444 762 finem
1472 731 1633 762 deducere

56 776 177 811 tempus
199 782 263 802 esse
285 771 461 802 videbatur.
510 772 590 800 Nam
614 781 801 812 quamquam
822 771 916 801 nullis
939 771 1006 800 eius
1028 772 1075 801 rei
1098 773 1191 802 certis
1214 773 1374 812 promissis
1396 784 1448 803 me
1471 773 1633 813 obstrinxi,

55 812 301 853 exsequitamen
316 813 451 853 incepta⁷
474 812 499 841 si
514 806 584 841 fier'i
599 812 707 852 possit,
729 811 892 842 honestum
907 820 964 851 est,
986 823 1092 842 rerum
1123 821 1224 844 autem
1248 825 1388 844 mearum
1412 825 1447 844 ea
1472 822 1519 845 est
1541 815 1632 853 ratio,

53 860 88 884 ut
111 864 192 895 quae
215 855 320 895 aliquo
343 855 438 885 modo
463 853 605 889 debeam,
628 854 690 883 cito
713 853 864 884 solvenda
888 854 1035 884 arbitrer.
1078 855 1184 926 (guum
1207 856 1303 896 igitur
1324 862 1398 895 post
1426 862 1633 886 retractatum

52 896 192 936 primum
216 896 316 926 ceteri
338 896 540 925 historiarum
564 894 638 923 libri
661 905 723 924 uno
746 894 856 924 libello
887 896 1082 935 complecten
1109 897 1118 925 i
1148 903 1268 936 essent,
1301 895 1452 928 brevibus
1476 898 1631 939 pleraque

53 937 160 967 verbis
176 936 355 977 profligavi.
400 936 484 966 Nihil
496 946 581 976 vero,
604 946 706 977 neque
719 947 817 977 parva
831 946 935 977 neque
958 948 1079 977 magna,
1102 939 1320 977 praetermisi3
1343 949 1444 980 neque
1466 940 1632 981 quisquam

52 978 232 1008 mortalium
242 978 336 1007 facile
345 988 424 1018 quae
438 989 545 1018 parva,
555 988 634 1018 quae
642 988 754 1018 magna
768 977 828 1006 sint
843 978 967 1007 dixerit.
997 980 1068 1009 Hoc
1083 985 1186 1010 autem
1199 980 1385 1021 plerumque
1393 982 1546 1021 agendum
1557 988 1632 1021 erat,

52 1026 88 1049 ut
106 1030 187 1061 quae
210 1020 311 1050 codex
323 1020 524 1049 Florentinus
548 1019 726 1058 praeberet,
749 1030 824 1050 vera
847 1030 915 1049 esse
937 1027 1162 1058 monstrarem3
1183 1021 1230 1050 sin
1252 1021 1284 1050 id
1306 1021 1376 1051 fieri
1398 1033 1460 1052 non
1487 1022 1631 1063 debebat,

52 1067 89 1091 ut
115 1072 209 1102 quam
238 1061 381 1101 proxime
409 1061 476 1090 eius
505 1061 646 1100 vestigiis
674 1061 852 1090 instaretur.
907 1061 1003 1105 Quod
1033 1073 1128 1102 quum
1157 1068 1226 1092 ante
1255 1073 1304 1093 me
1327 1063 1388 1102 alii,
1416 1074 1492 1103 prae
1517 1064 1630 1094 ceteris

51 1103 215 1136 Walther.
246 1103 382 1139 fecisset,
410 1103 436 1131 si
463 1111 566 1142 neque
588 1102 619 1130 in
643 1101 790 1131 omnibus
812 1107 914 1143 neque
936 1102 975 1131 ab
997 1103 1140 1132 omnihus
1164 1104 1259 1133 auditi
1282 1110 1363 1141 sunt,
1393 1105 1474 1134 duae
1496 1107 1629 1136 maxime

53 1153 164 1174 causae
188 1143 368 1174 obfuerunt.
412 1144 531 1179 Altera,
558 1142 642 1184 quod
662 1154 756 1184 quum
772 1153 846 1173 vere
868 1144 1022 1182 sensisset,
1039 1155 1132 1175 veras
1155 1155 1217 1174 non
1240 1155 1367 1185 semper
1389 1146 1497 1176 iudicii
1521 1157 1629 1179 causas

52 1186 171 1224 attulit3
201 1186 311 1225 altera⁷
333 1185 419 1226 qnod
442 1185 633 1224 incorruptis
657 1185 755 1214 oculis
779 1195 890 1214 verum
913 1185 1024 1216 videre
1046 1186 1154 1225 paucis
1178 1197 1193 1214 a
1216 1186 1276 1216 deo
1300 1187 1407 1217 datum
1430 1195 1482 1218 est.
1524 1188 1628 1218 Unum

50 1227 204 1263 verebar,
233 1237 272 1256 ne
296 1227 365 1267 qui,
393 1237 489 1267 quum
518 1226 704 1256 venerandis
728 1226 873 1256 Rhenani
901 1236 937 1256 ac
959 1227 1058 1266 Lipsii
1080 1227 1256 1258 nominibus
1278 1229 1389 1258 totiens
1410 1229 1629 1260 obsistendum

50 1275 142 1307 esset,
164 1268 315 1309 pietatem
338 1269 367 1297 in
391 1278 440 1298 me
462 1268 542 1298 forte
564 1268 792 1297 desiderarent.
836 1268 925 1314 Quae
948 1269 1133 1298 verecundia
1155 1270 1210 1298 Im.
1232 1270 1424 1309 Belzlterum,
1447 1281 1541 1312 quem
1564 1282 1627 1301 non

51 1311 154 1340 minus
188 1317 323 1350 propter
356 1309 609 1338 candidissimum
646 1316 753 1349 pectus
787 1320 878 1349 quam
904 1312 1045 1349 ‘propter
1081 1311 1269 1340 acerrimum
1298 1311 1447 1341 iudicium
1482 1322 1627 1351 veneror,

51 1351 230 1382 cohibuisse
251 1351 386 1386 videtur,
410 1351 577 1391 quominus
600 1351 724 1390 saepius
747 1361 840 1391 quarn
863 1351 941 1380 fecit
964 1351 1081 1381 codicis
1102 1352 1200 1382 verba
1223 1360 1407 1393 reponeret.
1451 1354 1569 1384 Verum
1591 1361 1627 1383 ut

51 1404 120 1423 eam
149 1402 275 1434 quoque
304 1393 473 1432 impietatis
499 1392 732 1422 accusationem
759 1393 862 1421 minus
892 1402 1036 1422 curarem
1065 1402 1135 1422 cum
1166 1393 1262 1423 multa
1286 1394 1344 1423 alia
1367 1395 1525 1434 fecerunt,
1558 1402 1626 1425 tum

50 1434 135 1476 quod
158 1435 217 1475 ipsi
239 1434 351 1463 Tacito
373 1440 491 1463 tantum
515 1444 563 1463 me
585 1433 700 1463 debere
722 1434 899 1474 gratissimo
927 1435 1029 1463 animo
1056 1436 1172 1473 sentio,
1204 1441 1237 1465 ut
1259 1436 1285 1464 si
1305 1436 1380 1476 quid
1400 1437 1429 1465 ei
1452 1436 1626 1477 gratiarum

50 1476 174 1507 referre
195 1476 327 1516 possim,
356 1475 460 1505 omnia
482 1485 558 1516 prae
581 1485 618 1506 eo
641 1475 742 1505 studio
764 1475 952 1516 negligenda
975 1475 1147 1506 videantur.
1191 1476 1286 1522 Quod
1307 1484 1342 1507 ut
1363 1477 1439 1507 mihi
1461 1478 1626 1519 contigerit

49 1527 251 1558 comprecor.

199 1569 322 1608 Sequar
344 1573 448 1597 autem
472 1568 665 1599 constantiae
687 1577 780 1598 causa
803 1567 851 1597 ed.
874 1568 927 1598 Fr.
950 1567 1073 1608 Ritteri,
1107 1579 1200 1609 quam
1222 1579 1321 1609 parvo
1342 1569 1517 1611 parabilem
1540 1571 1624 1611 apud

50 1611 220 1651 plerosque
241 1610 311 1640 fore
333 1609 511 1650 sperabam.

494 1671 774 1700 Historiarum
812 1671 936 1701 Liber
969 1671 1174 1702 secundus.

200 1723 312 1756 nist.
339 1725 403 1756 11.
433 1732 469 1755 c.
499 1726 533 1755 l.
583 1723 646 1752 Titi
674 1722 859 1762 Vespasiani
888 1733 905 1752 a
932 1730 1022 1763 patre
1051 1724 1089 1753 ad
1119 1724 1252 1754 Galbam
1282 1725 1366 1754 missi
1395 1726 1454 1756 iter
1480 1726 1622 1757 Italicum

49 1763 201 1795 describit
223 1771 254 1794 et
277 1771 397 1795 erectas
421 1765 461 1794 de
484 1774 521 1794 eo
542 1765 704 1794 hominum
729 1764 993 1803 exspectationes:
1022 1765 1103 1804 „Ubi
1127 1766 1282 1806 Corinthi,
1319 1766 1492 1796 Achaiae
1514 1768 1581 1797 urb
1592 1779 1622 1806 e,

49 1811 152 1835 certos
181 1806 307 1836 nuntios
337 1806 461 1846 accepit
491 1806 530 1835 de
558 1805 844 1842 interitu-Galbae,
877 1812 908 1835 et
934 1806 1080 1845 aderant,
1110 1807 1165 1848 qui
1191 1818 1278 1836 arma
1300 1808 1419 1838 Vitellii
1442 1808 1623 1850 bellumque

49 1846 269 1887 adfirmarent,
304 1848 410 1877 anxius
434 1847 552 1887 animo,
583 1847 690 1887 paucis
714 1847 886 1877 amicorum
917 1847 1080 1888 adhibitis,
1120 1855 1232 1878 cuncta
1263 1849 1412 1890 utrinque
1439 1851 1621 1889 perlustrat.

48 1887 81 1916 Si
110 1889 267 1929 pergebat
292 1889 324 1918 in
352 1889 480 1924 urbem,
516 1889 632 1918 nullam
662 1887 761 1918 officii
789 1888 920 1928 gratiam
948 1889 979 1918 in
1009 1889 1134 1919 alterius
1164 1890 1314 1920 honorem
1345 1892 1495 1931 suscepti,
1530 1901 1566 1921 ac
1588 1901 1621 1921 se

40 1929 178 1960 ‘Vitellio
202 1930 269 1960 sive
292 1930 414 1960 Othoni
436 1930 574 1961 obsidem
596 1930 673 1960 fore.
724 1930 779 1958 Sin
801 1929 928 1966 rediret,
951 1929 1100 1961 offensam
1122 1930 1205 1960 haud
1224 1931 1351 1961 dubiam
1376 1933 1514 1962 victoris.
1557 1932 1621 1962 Sed

46 1972 208 2001 incerta
232 1971 357 2002 adhuc
379 1972 555 2002 victoria
579 1978 609 2001 et
632 1971 823 2001 concedente
845 1971 876 2000 in
898 1978 1005 2012 partes
1027 1979 1116 2012 patre
1137 1972 1236 2002 filium
1261 1974 1471 2003 excusatum.“

197 2022 257 2052 His
284 2023 449 2054 in'verbis
477 2034 514 2052 an
541 2022 617 2052 illud
653 2022 914 2064 additamentum,
952 2023 1122 2054 Achaiae
1149 2024 1265 2060 urbe,
1304 2036 1320 2054 a
1350 2025 1459 2054 Tacito
1488 2025 1621 2063 venerit,

48 2062 253 2093 vehementer
283 2063 402 2102 dubito..
452 2066 529 2094 Nam
562 2064 592 2094 in
620 2064 695 2104 ipsis
724 2064 820 2094 rebus
847 2066 941 2104 gestis
964 2065 1081 2095 nullam
1105 2074 1229 2095 causam
1253 2066 1372 2103 inesse,
1404 2076 1459 2095 cur
1481 2066 1511 2095 in
1534 2067 1620 2096 illam

46 2104 240 2143 provinciam
262 2105 438 2146 legentium
462 2106 581 2136 animos
603 2106 748 2136 consulto
775 2112 895 2137 vertere
918 2107 1045 2136 Tacitus
1069 2106 1214 2148 cupierit,
1236 2107 1304 2148 ipse
1326 2107 1493 2148 intelligis;
1523 2117 1622 2149 neque

1156 2159 1218 2195 (l)
