1794 2318
761 142 811 148 —
893 120 944 156 16
1025 143 1074 150 ...-

284 227 394 259 nist.
414 228 500 259 ΠΙ.
521 235 556 258 e.
579 225 656 258 4⁷.
699 224 831 262 „Subita
854 233 913 263 per
936 223 1074 253 Pontum
1097 233 1182 254 arma
1206 222 1377 254 barbarum
1392 225 1594 266 mancipium,
1615 227 1720 266 regiae

135 268 294 311 quondam
317 269 422 298 classis
446 269 626 309 praelectus
649 273 800 297 moverat.
849 267 877 295 Is
901 266 962 295 suit
985 265 1136 296 Anicetus
1159 265 1342 296 Polemonis
1366 265 1509 298 libertus.
1530 274 1717 309 praepotens

134 311 307 340 libertus
342 311 429 346 olim,
464 316 496 340 et
526 315 695 350 postquam
726 319 860 349 regnum
895 308 926 336 in
961 307 1095 338 formam
1130 307 1315 348 provinciae
1344 315 1497 346 verterat,
1534 309 1716 340 mutationis

135 352 329 393 impatiens.“

285 403 338 432 Sic
361 402 471 432 scribit
492 409 586 444 atque
609 402 701 432 etiam
723 400 919 441 interpungit
943 400 1025 430 cod.‘
1060 400 1132 445 Quo
1156 401 1225 440 ipso
1247 400 1348 431 facilis
1365 402 1552 443 ceteroquin
1569 403 1718 445 suspicio,

133 455 175 474 ne
197 454 307 474 errore
330 444 497 473 scribentis
520 446 600 474 alter
623 444 800 473 libertus
824 449 913 472 natus
937 442 986 481 sit,
1009 443 1100 472 valde
1122 443 1281 472 minuitur.
1334 446 1438 484 Atque
1469 444 1718 485 indignationem

134 487 213 516 hanc
237 486 369 515 nominis
392 486 590 516 iterationem
614 486 787 526 peperisse,
820 485 877 521 (nti
901 484 1052 513 Horatius
1076 484 1279 515 libertino
1303 491 1416 525 patre
1439 491 1569 515 natum
1593 495 1664 516 sese
1685 486 1717 515 in

133 528 308 557 irrisionem
332 527 540 567 superborum
561 528 607 557 sui
634 538 761 558 osorum
785 526 958 556 identidem
983 529 1117 565 regerit)
1141 526 1186 556 his
1203 527 1349 566 exemplis
1364 527 1534 558 admodum
1548 527 1717 567 probabile

135 576 197 599 cst:
221 570 302 598 Ann.
322 571 374 608 tv,
401 570 451 599 10:
487 570 644 609 Cot-rupta
667 569 706 598 ad
730 570 834 597 scelus
859 568 946 596 Livia
970 568 1118 597 Seianum
1135 568 1234 608 Lygdi
1260 579 1386 609 quoque
1409 569 1556 608 spadonis
1579 569 1717 599 animum

133 618 243 650 stupro
265 611 413 649 vinxisse,
448 611 531 651 quod
560 611 589 640 is
619 610 774 650 Lygdus
804 616 905 639 aetate
935 615 1030 649 atque
1060 609 1162 639 forma
1187 620 1276 639 carus
1307 610 1437 643 domino
1468 628 1509 633 -—
1535 614 1633 640 erat.“
1675 611 1718 640 Et

135 653 215 681 Hist.
237 652 291 688 IV,
315 654 368 682 11:
409 653 602 691 „Asiaticus7
632 653 664 681 is
688 652 874 683 libertus,
912 650 1022 680 malam
1048 651 1220 691 potentiam
1244 652 1351 680 senili
1371 651 1530 692 supplicio
1553 652 1729 693 expiavit.“‘

133 693 238 724 Nolim
261 694 365 734 igitur,
389 690 459 723 cnm
482 694 615 725 invicem
639 694 716 724 haec
740 693 883 733 exempla
906 703 938 722 sc
960 698 1118 730 tueantur,
1141 693 1239 722 ullum
1264 694 1376 724 'l'acito
1400 694 1490 734 eripi.

283 756 396 787 lbid.
439 757 691 795 ⁷„Trapezuntem
716 761 839 784 vetusta
863 764 983 784 mama
1007 753 1165 784 civitatem
1187 769 1229 775 —-
1252 752 1401 792 inrupit.“

284 807 337 834 Sic
361 807 430 835 cod.
454 805 588 845 Lipsius,
606 805 721 842 sama,
745 805 877 844 propius
901 814 977 833 vero
1002 803 1108 839 suerit,
1130 803 1341 839 memoria,
1372 802 1398 832 si
1421 803 1603 843 compendii
1624 803 1715 834 huius

134 856 220 877 vocis
244 857 366 876 memor
389 857 462 878 erts.

284 907 396 938 Ihid.
440 906 615 945 „Classis
644 916 770 946 quoque
792 905 875 935 taces
898 906 1011 941 intulit,
1042 915 1140 935 vacuo
1162 905 1241 935 mari
1265 905 1405 944 eludens,
1435 906 1506 947 quia
1529 907 1714 938 lectissimas

134 948 377 978 Liburnicarum
411 958 601 988 omnemque
635 948 764 977 militem
795 948 953 977 Mucianus
980 947 1165 986 Byzantium
1196 947 1357 989 abegerat.
1415 948 1500 995 Quin
1530 954 1560 979 et
1589 948 1715 979 barbari

135 990 393 1030 contemptim
420 989 614 1030 vagabantur
636 989 799 1018 fabricatis
823 995 955 1029 repente
979 988 1142 1018 navibus.“

284 1051 400 1080 Mirum
424 1052 506 1093 quod
523 1052 544 1080 1.
558 1051 753 1081 Gronovium
769 1051 1050 1092 XValtherumque,
1074 1051 1127 1091 qni
1151 1050 1271 1081 dudum
1293 1061 1406 1081 verum
1428 1051 1587 1088 viderunt,
1604 1052 1714 1082 audire

134 1094 252 1124 nolunt.
312 1094 433 1123 Malunt
462 1094 565 1134 potius
595 1093 763 1122 absurdum
794 1093 960 1123 Anicetum
991 1103 1027 1122 ac
1057 1092 1189 1122 bardum
1223 1092 1393 1133 (flingere‚
1433 1093 1489 1134 qui
1525 1103 1715 1135 quamquam

133 1135 257 1175 „regiae
286 1136 441 1175 quondam
474 1136 583 1165 classis
614 1134 832 1175 praesectus‚*⁸
875 1141 977 1164 tamen
1009 1135 1142 1174 classi,
1181 1135 1376 1174 Trapezunti
1405 1134 1567 1172 inventae,
1604 1134 1713 1165 faces

130 1177 337 1215 intulerit,
360 1183 393 1206 ut
417 1177 489 1206 dein
514 1177 600 1206 rudia
626 1177 690 1216 ipse
713 1176 850 1216 navigia,
881 1186 962 1217 quae
987 1176 1092 1206 classis
1114 1177 1241 1205 nomine
1264 1177 1390 1215 indigna
1413 1183 1533 1212 essent,
1561 1177 1606 1206 sic
1628 1176 1713 1206 enim

134 1220 313 1258 loquuntur,
336 1218 527 1248 aedificaret.
572 1219 659 1248 Haec
683 1224 713 1247 et
735 1218 846 1247 similia
870 1228 940 1247 cum
964 1217 1078 1248 chartis
1102 1218 1253 1252 illudunt,
1290 1216 1463 1259 magnaque
1492 1217 1646 1248 Gronovii
1675 1228 1712 1248 ac

133 1259 308 1295 Waltheri,
332 1260 529 1301 diligentium
552 1260 703 1295 virorum,
728 1259 850 1288 uomina
875 1260 1013 1299 superbe
1036 1259 1208 1294 fastidiunt,
1236 1270 1298 1289 non
1322 1259 1565 1300 indignationem
1586 1269 1712 1290 movere

134 1300 277 1341 profecto
302 1312 364 1330 non
388 1310 526 1341 possunt.
573 1303 629 1330 llle
654 1312 746 1338 vero,
777 1309 810 1330 ut
834 1301 968 1331 decebat
990 1301 1095 1330 classis
1119 1302 1330 1340 praesectum,
1370 1301 1449 1330 mari
1473 1312 1599 1342 quoque
1620 1301 1723 1338 litora¹

134 1342 227 1372 Asiae
250 1340 426 1372 infestabat.
470 1343 575 1372 Belli
606 1342 719 1371 faces
749 1342 799 1372 vel
828 1343 934 1382 pueris
966 1350 1057 1372 notae
1085 1349 1165 1371 sunt.
1212 1342 1295 1371 Hinc
1332 1342 1418 1371 facili
1450 1343 1650 1372 translatione
1680 1351 1712 1372 ct

132 1389 244 1425 argute
275 1384 418 1414 classis
447 1395 530 1414 nunc
561 1384 670 1413 faces
697 1384 834 1413 deduxit.
864 1394 966 1424 eoque
995 1383 1122 1419 melius,
1158 1383 1231 1424 quia
1254 1383 1426 1423 piratarum
1448 1384 1563 1423 instar,
1595 1394 1710 1425 magno

133 1425 217 1454 haud
241 1425 337 1454 (lubic
359 1426 482 1455 illarum
508 1426 739 1465 provinciarum
763 1435 835 1454 cnm
858 1426 988 1461 danum,
1019 1433 1130 1454 cuncta
1155 1424 1282 1454 barbari
1306 1424 1352 1453 illi
1375 1425 1447 1464 igne
1470 1426 1622 1468 ferroque
1646 1436 1712 1456 vas-

133 1466 238 1496 tabant
261 1474 355 1507 atquc
378 1467 539 1507 insigniter
561 1467 703 1496 urebant.
748 1468 819 1496 Iloc
842 1467 913 1496 luce
930 1467 1043 1496 clarius
1059 1466 1163 1495 omnia
1178 1474 1442 1498 commonstrant:
1466 1476 1590 1497 vacuo
1613 1467 1709 1496 mari

133 1508 289 1548 (nostram
312 1509 417 1548 opem)
441 1508 626 1545 eludens,
655 1507 747 1549 quia
771 1509 1009 1538 lectissimas
1029 1517 1133 1544 naves,
1165 1517 1392 1547 omnemque
1415 1507 1578 1538 militem
1601 1511 1710 1544 [nava-

133 1549 211 1585 lem]
239 1551 424 1588 Byzantium
455 1550 617 1579 Mucianus
646 1551 803 1589 abegerat.
859 1550 980 1579 Aniceti
1008 1559 1085 1579 vero
1116 1549 1258 1588 exempla
1282 1548 1464 1584 barbari,
1492 1549 1512 1578 i.
1535 1559 1562 1578 c.
1586 1549 1710 1579 incolae

132 1591 213 1619 mari
240 1591 447 1620 adiacentium
478 1592 639 1628 locorum,
675 1592 806 1631 privatis
827 1591 942 1631 opibus
971 1591 1088 1621 leviora
1117 1590 1242 1630 navigia
1263 1588 1473 1623 aedificantes,
1498 1590 1709 1620 imitabantur.

132 1632 205 1661 Hoc
234 1632 276 1662 ita
305 1632 437 1669 habere,
471 1634 595 1663 auxesis
626 1633 756 1673 probat:
788 1632 912 1676 „Quin
944 1641 974 1662 et
1003 1632 1152 1662 barbarr‘
1184 1640 1241 1661 etc.
1271 1641 1305 1660 ea
1337 1631 1418 1660 enim
1448 1631 1550 1671 ligura
1578 1632 1623 1662 uti
1646 1643 1708 1661 non

132 1680 262 1713 poterat,
284 1674 317 1703 ni
338 1675 370 1703 in
394 1674 504 1704 eadem
528 1685 563 1703 re
586 1675 625 1704 ad
647 1674 867 1704 contumeliam
891 1683 978 1704 aucta
1002 1673 1162 1713 pergebat.
1206 1672 1256 1704 Ad
1276 1673 1354 1702 haec
1373 1673 1486 1709 omnia,
1510 1673 1536 1702 si
1560 1673 1635 1703 tanti
1656 1682 1710 1711 est,

133 1713 174 1744 cf.
196 1713 289 1745 finem
312 1725 380 1756 cap.
404 1728 466 1757 sq„
496 1716 566 1745 ubi:
600 1717 771 1750 ..Geminus
794 1716 971 1746 Liburnicis
1001 1715 1180 1756 assequitur
1202 1714 1370 1744 Anicetum
1402 1714 1432 1743 in
1461 1715 1543 1744 ostio
1572 1713 1709 1744 fluminis

134 1755 277 1795 Cohihi,‘'·
307 1765 334 1786 et
362 1758 497 1795 „laetum
520 1768 556 1787 ea
580 1759 720 1787 Victoria
750 1758 1008 1798 Vespasianutn.‘·
1052 1759 1100 1785 An
1123 1756 1361 1795 contem-pti,
1388 1756 1417 1785 in
1442 1766 1506 1796 quo
1530 1756 1709 1796 conspirant

133 1797 204 1826 cod.
226 1805 257 1827 et
280 1798 328 1827 ed.
352 1799 435 1838 Spir.
460 1799 627 1829 tenendum
649 1799 803 1833 suadeam,
831 1799 949 1828 dubito.
994 1798 1116 1828 Scimus
1137 1798 1228 1833 enim,
1259 1798 1400 1838 quotiens
1419 1797 1588 1837 participia
1611 1798 1640 1826 in
1665 1807 1707 1826 us

133 1838 204 1868 loco
226 1838 400 1869 verbalium
420 1841 451 1870 in
473 1841 572 1870 ibile
595 1841 727 1879 veniant,
747 1840 801 1870 ubi
831 1851 867 1870 ea
888 1840 1011 1881 fingere
1030 1839 1162 1869 Romani
1182 1839 1360 1889 noluerupt.

981 1887 990 1896 .

282 1902 390 1933 nist.
420 1904 506 1935 111.
535 1912 570 1934 e.
602 1901 676 1934 50.
725 1903 773 1940 „is
804 1902 966 1933 Silvanum
994 1898 1034 1925 ’--
1064 1901 1211 1943 regebat‚
1254 1900 1454 1941 omniaque
1483 1910 1561 1941 quae
1588 1899 1707 1940 agenda

132 1942 235 1972 forent
257 1943 363 1983 quieta
387 1953 458 1972 cum
481 1944 632 1973 industria
656 1944 795 1973 ade1-at.“
1601 1960 1606 1961 ⁷

281 2004 389 2033 Nolim
420 2014 490 2033 cum
522 2005 685 2045 plerisque
714 2003 758 2033 ad
789 2002 1004 2044 omniaque
1034 2003 1210 2043 corrigere.
1261 2002 1474 2048 Quam'enim
1504 2001 1606 2032 libere
1627 2002 1706 2032 haec

132 2051 242 2074 neutra
265 2044 304 2074 ad
323 2045 416 2076 verba
439 2056 582 2087 quaeque
604 2045 755 2075 accedant
777 2044 930 2074 novimus.
985 2044 1097 2074 Oratio
1119 2052 1220 2074 autem
1244 2052 1307 2074 tam
1330 2044 1445 2074 leniter
1466 2054 1506 2073 eo
1527 2043 1706 2074 accusativo

131 2084 269 2155 prfilluit,
299 2097 336 2117 ac
360 2095 422 2117 tam
445 2098 480 2117 ea
501 2087 735 2127 praepositione
758 2086 895 2115 immissa
918 2086 1111 2124 retardatur,
1143 2095 1177 2116 ut
1206 2085 1354 2117 consulto·
1379 2096 1396 2115 a
1425 2086 1536 2116 'l'acito
1559 2085 1706 2115 omissam

129 2136 165 2155 ar
191 2134 278 2157 itrer.
