1794 2318
764 145 815 153 μ
896 122 948 160 ‘14
1023 144 1071 151 .-

135 235 278 266 oratione
306 230 436 261 affectus
465 240 546 260 unus
574 233 697 269 regnat.
746 227 826 256 Nam
854 226 1066 256 miserrimam
1098 225 1220 256 cladem
1252 226 1378 257 illarum
1413 227 1589 269 legionum,
1630 240 1707 272 quas

135 277 251 308 ducum
280 273 415 314 proditio
441 271 506 301 fato
535 270 668 306 obiecit,
704 269 822 298 acerbo
853 278 921 298 cum
949 267 1060 298 dolore
1090 267 1224 297 militare
1246 269 1348 298 Taciti
1380 269 1539 310 ingenium
1569 272 1656 312 luget
1678 280 1708 304 et

135 316 346 360 prosequitur.
389 315 499 354 ltaque
520 318 686 353 postquam
709 310 793 340 inter
816 310 947 340 mediam
971 319 1100 339 suorum
1125 309 1255 339 caedem
1277 320 1312 340 ac
1333 309 1438 352 sugam
1457 313 1545 352 quasi
1559 314 1705 344 salutaris

135 358 288 401 quaedam
310 356 401 386 stella
428 355 561 392 „fulsere
582 353 738 393 legionum
762 353 848 393 signa
872 351 1007 391 Rapacis
1030 357 1122 392 atque
1145 351 1299 391 Italicae,⁴‘
1325 359 1457 392 repente
1485 353 1572 393 ipsae
1594 355 1704 386 animis

135 399 321 438 concidunt,
352 408 434 436 „non
464 397 570 425 laxare
600 395 743 432 ordines,
778 404 839 423 non
870 393 1016 432 recipere
1039 392 1199 429 turbatos,
1234 403 1296 422 non
1320 393 1405 424 ultro
1429 394 1548 426 hostem
1573 396 1705 436 adgredi

134 442 279 480 fessum,st
316 439 464 479 additque
492 448 562 467 cum
592 436 728 477 gen-itu:
769 436 888 466 Forte
918 433 1036 465 vieti!
1082 434 1223 475 Namque
1245 435 1330 464 velut
1353 436 1496 465 attonitas
1531 438 1705 479 L,equitatus

135 484 274 513 incursat
289 499 323 503 —
338 480 450 510 auxilia
472 479 610 508 Moesica
631 478 845 517 adsequuntur
867 493 907 498 —-
931 476 1046 505 mixtus
1070 475 1164 516 pedes
1184 485 1345 517 equesque
1366 487 1480 517 rupere
1500 477 1706 519 legionum

136 533 256 565 agmen.
300 523 383 551 Hinc
406 527 546 561 apparet,
569 526 655 551 ante:
683 520 753 555 „Et
778 519 987 558 Vipstanuuw·
1018 528 1080 546 non
1102 523 1268 553 commate,
1298 517 1353 547 sed
1376 519 1466 558 plene
1488 518 1587 550 fuisse
1610 521 1707 551 inter-

133 564 346 607 pungendum.
389 563 467 592 Nam
495 562 636 602 singulos
666 562 703 590 nd
734 560 862 590 caedem
890 560 1043 589 irruentes
1074 568 1175 600 neque
1204 565 1308 588 tamen
1339 560 1475 600 legiones
1506 571 1545 591 ex
1573 567 1707 603 torpore

136 607 283 637 excitatas
304 601 394 646 ‘quasi
416 604 514 634 oculis
538 604 604 642 ipse
630 603 740 632 videns
763 601 915 642 depingit.
960 600 1051 630 Multi
1073 600 1242 630 etiamnum
1267 601 1329 630 loci
1352 608 1423 631 sunt
1449 602 1479 631 in
1499 603 1620 640 Tacito,
1651 603 1707 633 ubi

134 649 167 678 id
189 649 235 677 Et
262 657 374 677 novam
404 646 578 675 orationem
610 644 737 673 ordiens
768 655 830 673 non
859 642 1161 678 animadverterunt,
1200 642 1294 672 velut.
1318 643 1398 672 Ann.
1420 643 1485 680 lV.,
1505 644 1556 675 51.
1579 644 1610 674 in
1633 644 1706 675 fine.

134 689 234 722 Vides
263 688 353 719 etiam
382 687 414 716 id
443 698 513 717 cum
542 686 658 727 gemitu
688 685 767 721 dici,
807 685 892 725 quod
927 684 1024 714 mixto
1057 684 1162 724 equite
1198 693 1234 712 ac
1269 684 1371 724 pedite
1404 695 1515 726 agmen
1548 686 1707 726 rumpitur

134 731 347 772 Legionum
375 730 648 758 Romanarum.
691 727 782 756 Unde
813 736 1003 766 consequens
1041 730 1104 763 est,
1142 724 1258 754 Ritteri
1292 726 1509 756 coniecturam
1543 726 1707 758 serendam

134 783 197 802 non
220 782 299 807 esse.
334 781 394 811 qua
421 776 550 810 praeter
576 769 697 810 equites
729 774 757 798 et
787 768 951 797 auxiliares
978 767 1177 795 incurrentes
1205 766 1398 804 legionarios
1428 778 1559 810 quoque
1585 769 1706 800 intulit:

133 813 219 851 (cod.
243 822 342 854 quos
365 812 558 847 militiae)
579 821 680 852 „qnos
703 810 849 839 militia
873 820 886 838 e
910 807 1091 847 legionariis
1115 816 1305 847 quamquam
1327 807 1442 846 raptim
1466 810 1577 842 ductos
1592 820 1629 840 ae
1653 821 1707 840 ua-

134 855 240 885 baut.“
278 855 357 883 Nam
380 859 414 882 ut
436 853 493 882 alia
516 852 676 887 sileantur,
699 861 780 893 quae
803 850 979 887 offendunt,
1000 849 1087 879 velut
1110 847 1254 877 militia
1278 857 1294 877 e
1315 847 1559 888 legionariis
1583 851 1622 881 ab
1668 862 1706 883 oc

133 896 285 927 orationis
308 894 426 924 affectu
448 904 578 935 prorsus
602 894 801 933 discrepans,
841 902 999 932 nunquam
1026 889 1216 931 legionarios
1243 889 1415 919 induxisset
1443 890 1488 919 sic
1512 897 1544 920 et
1563 894 1602 921 ad
1624 892 1708 923 hunc

132 938 228 967 finem
257 947 434 977 properans
458 936 595 968 Tacitus.
636 937 744 976 ltaque
774 944 836 963 non
866 933 1007 963 dubitavi
1037 941 1135 971 prave
1161 941 1178 960 a
1202 931 1272 961 cod.
1292 931 1438 961 omissam
1460 942 1572 963 vocem
1596 944 1635 964 ex
1657 934 1707 965 ed.

133 979 218 1019 Spir.
239 988 410 1015 assumere,
445 978 589 1018 gloria.
636 978 715 1006 Nam
739 983 767 1006 et
790 976 836 1006 ed.
859 974 940 1005 hanc
966 983 1162 1014 nequaquam
1185 972 1404 1013 interpolatam
1429 982 1465 1003 ac
1485 973 1548 1003 fide
1571 974 1708 1016 dignam,

134 1020 204 1051 cod.
232 1030 310 1050 vero
344 1031 404 1050 non
433 1029 507 1049 raro
536 1019 658 1058 singula
688 1017 782 1048 verba
811 1017 1005 1046 omittentem
1035 1013 1136 1054 probe
1161 1024 1244 1044 nunc
1273 1014 1428 1052 novimus,
1454 1015 1541 1046 velut
1561 1015 1613 1046 hic
1636 1024 1708 1058 post

134 1072 232 1103 quos
263 1054 328 1101 glzi
349 1061 486 1101 (gloriae
510 1059 747 1097 compendium)
771 1058 866 1087 facile
889 1057 1038 1086 excidere
1051 1055 1165 1095 potuit.
1196 1056 1230 1085 ln
1245 1066 1308 1085 uno
1324 1062 1428 1086 tamen
1444 1056 1514 1086 cod.
1530 1057 1708 1099 relinquere

133 1109 166 1132 et
184 1095 377 1132 deteriorum
400 1103 587 1140 scripturam
611 1099 698 1140 sequi
721 1109 783 1128 non
809 1099 923 1129 veritus
949 1109 1026 1132 sum,
1055 1097 1108 1138 qui
1132 1096 1297 1137 praebent,
1324 1098 1544 1139 aequabat,
1573 1109 1645 1138 non,
1672 1106 1708 1130 ut

132 1144 197 1182 ille,
219 1142 452 1184 aequabant.
499 1141 576 1169 Nam
602 1151 661 1170 non
687 1146 749 1169 tam
773 1140 905 1170 militum
928 1139 1079 1169 iudicium
1103 1139 1143 1167 de
1166 1138 1370 1168 auxiliaribus
1394 1140 1536 1170 Moesicis
1559 1140 1612 1170 hic
1626 1140 1708 1181 addi,

134 1195 226 1226 quam
248 1184 367 1214 tribuni
392 1182 537 1222 Vipstani
560 1182 726 1212 Messallae
750 1182 928 1212 audentiam
951 1180 1091 1217 laudari,
1125 1180 1180 1221 qui
1207 1191 1417 1221 „quamquam
1440 1181 1553 1221 raptim
1577 1182 1710 1214 ductos“

133 1232 236 1256 tamen
271 1223 467 1265 „legionibus
495 1223 670 1264 aequabat“
702 1223 799 1254 verba
828 1223 906 1253 haec
949 1223 1032 1263 ipsa,
1070 1232 1283 1262 „quamquam
1313 1222 1428 1262 raptim
1463 1222 1593 1253 ductos“
1632 1224 1707 1255 satis

133 1267 305 1298 declarant.
353 1267 386 1295 In
415 1265 505 1294 huius
535 1265 631 1303 igitur
658 1265 718 1294 viri
747 1265 981 1295 venerationem
1010 1262 1067 1300 (cf.
1090 1264 1150 1301 lll.,
1170 1262 1200 1302 9,
1224 1270 1254 1292 et
1276 1264 1383 1303 saepe)
1414 1264 1492 1294 haec
1521 1265 1605 1296 dicta
1627 1272 1708 1303 sunt,

133 1309 188 1350 qui
207 1309 258 1338 vel
281 1308 444 1338 auxiliares
476 1307 644 1336 immittere
674 1307 703 1336 in
733 1307 875 1347 legiones
906 1317 968 1335 non
995 1304 1161 1335 dubitaret.
1205 1304 1304 1333 Simul
1328 1315 1404 1336 vero
1428 1305 1618 1346 legionarios
1640 1313 1707 1338 tum

134 1351 237 1380 nullos
261 1350 301 1380 ad
323 1360 448 1379 manum
472 1348 568 1377 fuisse
592 1348 772 1378 concludas.
823 1349 984 1388 Septimae
1007 1347 1091 1377 enim
1114 1346 1244 1387 legionis
1268 1345 1411 1376 tribunus
1434 1347 1606 1387 Vipstanus
1629 1354 1707 1379 erat.

282 1411 391 1443 llist.
419 1412 505 1442 ΙΙΙ.
541 1419 576 1441 e.
607 1410 673 1442 19.
738 1411 948 1447 „Cremonam
984 1409 1105 1448 plane
1142 1406 1254 1438 sitam“
1294 1417 1331 1436 ex
1375 1407 1445 1438 cod.
1485 1420 1549 1439 non
1582 1420 1708 1451 sperno.

134 1452 245 1485 lbid.
272 1451 527 1492 „quatiuntur
556 1456 662 1481 armar‘
693 1460 781 1482 recte
810 1451 922 1488 habet3
959 1456 1030 1491 post
1056 1449 1136 1480 haec
1162 1448 1288 1490 passiva
1317 1455 1403 1479 tanto
1431 1451 1549 1482 maiore
1576 1461 1649 1483 cum
1675 1453 1706 1483 vi

135 1493 292 1525 adduntur
311 1493 390 1522 haec
414 1492 572 1523 absolute:
593 1494 741 1534 „rupturi
764 1494 962 1534 imperium.“

283 1544 395 1576 nist.
417 1545 506 1576 111.
529 1554 565 1577 e.
587 1545 656 1577 21.
700 1546 773 1574 Mox
796 1544 889 1574 tertia
919 1543 1069 1572 decima
1098 1541 1204 1572 densis
1227 1542 1363 1572 arbustis
1386 1542 1588 1585 intersepta.“
1629 1545 1709 1575 For-

133 1593 216 1617 tasse
239 1585 389 1616 decima
413 1596 467 1615 seu
489 1587 519 1615 X
542 1596 581 1616 ex
603 1587 684 1627 siglo
708 1586 790 1616 male
812 1585 970 1615 intellecto
993 1590 1083 1622 nata3
1109 1584 1203 1624 velut,
1225 1584 1294 1614 sed
1319 1584 1422 1614 densis
1444 1585 1512 1615 arb.
1524 1586 1706 1627 intersepta.

283 1646 394 1678 nist.
414 1647 500 1679 ΙΙΙ.
530 1656 566 1678 e.
588 1647 664 1679 22.
720 1649 754 1676 ln
789 1647 923 1685 „dextro
952 1656 1111 1676 suorum
1141 1647 1260 1676 cornu“
1291 1657 1354 1677 non
1383 1647 1541 1679 immerito
1567 1648 1707 1678 Faernus

135 1691 298 1729 (magnum
320 1693 451 1726 nomen)
474 1695 502 1718 et
523 1690 649 1719 Ernesti
672 1688 849 1719 haeserunt.
891 1688 1059 1728 Suspicor:
1083 1687 1395 1718 dextrovorsum
1418 1698 1528 1721 cornu,

282 1739 391 1771 nist.
422 1741 507 1772 ul.
535 1749 569 1771 e.
597 1740 671 1772 24.
714 1742 806 1780 „Mox
834 1739 1019 1770 infensus
1043 1741 1296 1781 praetorianis;“
1324 1740 1521 1772 infensius
1544 1740 1709 1781 corrigunt

133 1779 196 1849 sige
223 1788 327 1850 pausa.
371 1781 418 1853 ἷξε
447 1781 661 1812 vehementius
692 1782 820 1824 quidem
848 1782 881 1812 in
909 1783 1124 1822 comparativo
1151 1782 1347 1821 adverbium,
1391 1793 1485 1825 quam
1512 1783 1543 1813 in
1570 1781 1706 1823 positivo

133 1831 148 1849 a
173 1829 220 1850 nec
236 1831 321 1851 ivum
346 1831 378 1851 es
396 1845 402 1851 .

282 1873 390 1905 nist.
413 1876 500 1907 111.
529 1885 563 1906 ο.
587 1876 662 1908 25.
712 1876 780 1914 „Ut
809 1886 888 1918 quos
915 1876 1001 1906 nullo
1029 1881 1157 1905 rectore
1183 1886 1256 1905 suus
1295 1884 1453 1916 quemque
1490 1875 1625 1914 impetus
1651 1875 1707 1907 vel

132 1923 231 1953 pavor
254 1915 455 1946 contraheret
478 1917 716 1947 duceretve.“
761 1918 934 1958 Corrigunt
956 1917 1237 1958 diducet-etque,
1266 1917 1339 1958 quia
1361 1923 1498 1947 mentem
1521 1916 1623 1947 Taciti
1643 1927 1705 1947 non

133 1954 265 1985 assecuti
289 1962 370 1985 sunt.
404 1968 524 1996 „pavor
559 1959 735 1989 contrahir‘
764 1969 826 1988 non
855 1959 1023 1999 dissipatos
1053 1958 1084 1988 in
1112 1969 1209 1987 unum
1237 1958 1341 1988 locum
1363 1975 1404 1982 —-
1431 1957 1518 1999 quod
1548 1968 1588 1987 ne
1622 1957 1707 1988 cadit

133 1995 257 2036 quidem
286 1996 318 2025 in
348 1997 473 2028 timidos
504 2009 560 2038 per
586 2000 685 2029 aciem
712 2017 752 2022 -
782 2000 838 2029 sed
868 2000 1024 2030 contrahit
1056 2000 1175 2030 animos
1205 2006 1233 2030 et
1263 2009 1399 2039 corpora
1421 1999 1610 2036 timentium,
1628 1998 1706 2038 they

133 2037 268 2067 shrinlt
291 2037 357 2068 into
380 2039 587 2079 themselves3
610 2042 742 2081 impetus
766 2041 871 2070 ducit
894 2042 925 2071 in
947 2042 1065 2071 hostes.
1108 2041 1265 2076 Chiasmo,
1287 2050 1349 2081 quo
1373 2041 1460 2071 nulla
1478 2040 1581 2082 figura
1594 2039 1704 2071 Tacito

133 2077 338 2118 frequentior,
359 2080 545 2111 contrahere
567 2082 605 2111 ad
626 2092 784 2122 pavorem,
807 2082 845 2111 ad
869 2082 1018 2122 impetum
1039 2082 1155 2112 ducere
1177 2082 1314 2112 relatum
1336 2087 1393 2112 est.

280 2130 391 2161 Ibin.
434 2132 544 2169 „Voce
566 2131 664 2162 ssebili
685 2132 877 2173 precabatur
899 2133 1031 2173 piatos
1054 2134 1152 2173 patris
1174 2133 1310 2163 manes.“
