1794 2318
771 146 822 152 .-
899 123 924 158 6
1003 144 1054 150 .-

142 223 270 253 militum
292 225 395 249 essent
417 217 523 248 futura
544 217 635 246 mala.
677 216 701 246 Ii
718 216 797 246 enim
819 215 911 245 fidem
933 214 1089 252 minuent,
1117 213 1271 253 pessimos
1295 212 1494 253 experientur
1517 211 1701 251 magistros,

142 262 319 304 provincias
348 267 375 290 et
403 260 542 301 legiones
570 258 656 287 urbis
680 264 709 287 et
736 257 911 298 praetoriae
934 255 1073 285 cohortis
1097 255 1250 285 dominos.
1293 255 1334 283 Et
1356 254 1403 283 his
1427 253 1515 283 malis
1537 253 1644 282 ultima
1667 259 1700 283 ut

143 305 295 335 addantur
312 303 392 338 bella,
414 301 594 331 omittantur
615 298 907 338 transferanturque
929 297 959 326 in
977 298 1157 326 innocentes
1177 306 1210 326 ea
1227 296 1342 334 scelera,
1363 304 1379 324 e
1403 293 1513 335 quibus
1537 305 1573 324 ea
1597 294 1699 324 omnia

143 345 223 375 mala
246 351 314 373 nata
336 349 414 379 sunt,
444 352 479 370 ac
501 342 573 370 talia
596 340 728 381 quidem,
751 350 829 380 quae
851 339 944 378 plane
967 339 997 367 in
1026 338 1139 367 milites
1168 337 1283 366 cadunt
1303 343 1334 366 et
1357 336 1487 365 ad-eum
1517 335 1600 365 diem
1630 341 1701 365 sunt

142 384 298 416 inaudita?
319 385 396 413 Nam
412 384 495 412 duces
518 392 588 412 suos
612 381 779 422 aliquando
796 382 922 418 legiones
942 379 1109 408 distinxisse
1133 379 1271 407 auditum
1294 384 1349 415 est,
1372 388 1432 407 non
1456 383 1490 407 ut
1501 378 1701 416 Imperatores

144 429 186 458 P.
211 428 250 456 R.
270 432 360 455 exuto
383 430 576 453 sacramento
599 422 763 452 trucidarit
781 423 929 461 praetoria
952 422 1065 450 cohors.
1119 421 1227 460 ltaque
1251 429 1311 449 non
1336 418 1457 455 dubito,
1488 418 1561 459 quin
1585 427 1701 457 prono-

124 469 259 498 ‘minum
281 466 358 496 ordo
383 466 422 494 ita
443 465 483 493 sit
504 464 724 493 immutandus:
746 472 772 492 et
792 464 830 492 ad
851 472 912 491 vos
933 463 1082 498 scelernm,
1109 461 1247 490 bellorum
1269 461 1308 489 ad
1323 471 1386 489 nos
1403 461 1497 489 exitus
1510 460 1700 498 pertinebunt.

144 510 222 538 Nam
244 514 277 536 ut
298 507 371 536 belli
392 506 489 535 minas
510 506 574 535 iure
597 516 613 533 a
634 505 763 534 militum
794 504 918 532 nomine
944 503 1151 538 removimus,
1184 502 1338 531 scelerum
1367 507 1474 532 contra
1505 500 1701 530 atrocitatem

144 551 174 579 in
197 559 250 578 cos
273 548 472 585 coniecimus,
494 546 534 576 ita
556 546 711 576 bellorum
731 545 828 575 exitus
852 545 912 573 iam
935 554 997 573 non
1019 544 1138 573 minore
1156 543 1226 572 iure
1249 542 1421 572 abhorrere
1445 542 1482 571 ab
1505 543 1702 581 Imperatore

145 598 175 620 et
197 591 327 620 Caesare
355 589 508 617 dicuntur.
556 589 584 616 Is
611 587 691 616 enim
721 597 783 616 non
813 586 912 621 bello,
943 585 998 614 sed
1027 595 1167 614 consensu
1194 586 1314 614 humani
1339 585 1454 621 generis
1483 594 1499 612 a
1526 589 1632 613 senatu
1656 587 1702 612 est

144 631 314 671 eligendus.
359 630 459 669 Atque
480 628 560 657 idem
581 629 641 656 iam
664 628 740 657 alios
763 628 902 665 sensisse,
914 627 991 656 Cod.
1004 627 1091 655 Harl.
1113 626 1200 655 testis
1223 632 1276 661 est,
1300 625 1353 665 qui
1376 625 1458 654 hunc
1480 624 1701 664 pronominum

145 672 288 702 ordinem
311 670 455 705 continet,
477 676 505 699 et
525 669 609 709 quod
630 669 727 698 maius
751 675 806 705 est,
829 668 877 697 ed.
900 668 993 707 Spin,
1021 666 1202 696 fidissimum
1227 666 1296 695 eod.
1320 666 1406 695 Flor.
1429 665 1579 695 simillimi
1602 675 1703 694 exem-

144 714 224 754 plar,
252 712 366 741 dudum
389 711 492 740 literas
516 710 675 751 ambiguas
696 709 792 739 fuisse
825 710 1027 746 demonstrat,
1056 714 1089 737 ut
1109 709 1139 737 in
1163 719 1223 748 qua
1246 717 1381 737 nos-nos
1403 707 1441 736 sit
1461 708 1533 736 loco
1555 712 1703 746 utroque.

290 762 412 791 Eodem
434 761 464 790 in
489 761 591 800 capite
612 760 741 789 difficile
764 761 849 790 dictu
872 760 920 795 sit,
942 770 999 789 cur
1022 771 1081 789 non
1104 759 1194 788 libris
1217 765 1245 788 et
1266 760 1332 788 JaC.
1356 757 1517 788 Gronovio
1538 757 1614 789 VV„
1630 757 1702 786 DD.

145 804 319 845 paruerint,
349 803 402 843 qui
424 812 461 831 ex
485 802 644 831 codicibus
666 802 839 841 rescripsit:
861 803 1022 842 falluntur,
1050 802 1151 840 quibus
1168 801 1284 829 luxuria
1305 801 1428 839 speciem
1449 799 1627 829 liberalitatis
1649 800 1703 827 im-

141 847 240 885 ponit3
262 844 281 872 i.
305 854 331 872 e.
354 843 566 882 decipiuntur,
594 842 705 883 quibus
729 843 850 872 luxuria
873 853 906 872 se
929 853 987 882 pro
1005 842 1194 871 liberalitate
1217 841 1373 879 venditam
1402 841 1464 878 vel,
1485 841 1508 869 si
1532 839 1629 869 verba
1651 845 1703 869 fite

145 885 242 926 magis
257 894 399 924 premere
421 884 523 913 iubes:
546 883 706 921 falluntur,
729 884 840 924 quibus
861 884 983 913 luxuria
1001 883 1136 923 speciem
1155 882 1361 920 liberalitatis,
1383 882 1487 912 fictam
1508 879 1702 911 liberalitatis

146 926 320 966 imaginem,
345 925 487 965 imponit,
517 936 609 965 quam
632 936 690 964 pro
714 925 899 954 liberalitate
922 935 992 955 vera
1016 924 1176 961 deferant,
1207 924 1318 953 damna
1342 923 1511 963 experturi,
1540 922 1595 951 ubi
1618 931 1704 952 com-

146 968 239 998 moda
262 972 481 1006 speraverant:
509 966 570 996 Die
594 967 676 996 irren
700 966 780 1003 sich,
811 967 909 996 denen
937 966 986 994 die
1010 965 1291 1005 Verseliwendung
1314 965 1374 994 den
1398 964 1512 994 Schein
1536 964 1594 993 der
1615 962 1705 993 Frei-

147 1008 303 1049 gebiglteit
326 1007 501 1045 aufbiirdet,
523 1007 541 1036 i.
564 1017 590 1036 e.
613 1007 663 1036 die
686 1007 751 1036 sich
763 1007 1044 1046 Verscliwendung
1066 1013 1140 1036 statt
1153 1006 1388 1047 Freigebiglteit
1404 1004 1581 1035 aufbiirden
1594 1005 1704 1034 lassen.

147 1051 237 1079 Nunc
260 1049 400 1088 plerique
424 1058 529 1078 omnes
542 1048 684 1077 Rhenani
706 1049 921 1078 auctoritatem
947 1055 1119 1088 sequuntur
1142 1058 1223 1088 quae
1245 1047 1413 1076 suadebat:
1430 1048 1580 1086 falluntur,
1602 1046 1705 1085 quihus

148 1091 263 1120 lua-uria
292 1092 380 1128 specie
409 1090 584 1118 liberalitatis
615 1091 737 1128 imponit
764 1090 782 1118 i.
812 1101 838 1119 e.
864 1089 1033 1125 falluntur,
1066 1090 1119 1129 qui
1146 1089 1252 1129 specie
1282 1089 1441 1118 falluntur.
1473 1106 1509 1110 —
1539 1089 1572 1116 In
1601 1086 1704 1117 verbis

148 1131 348 1171 praescriptis
371 1141 481 1159 vacua
503 1132 623 1159 nomina
647 1148 680 1152 -
706 1133 883 1160 adversus
905 1132 989 1159 duces
1011 1140 1060 1159 me
1084 1140 1120 1159 ex
1144 1130 1253 1159 codice
1276 1130 1448 1167 reduxisse,
1473 1128 1527 1158 ubi
1552 1139 1636 1167 vana,
1654 1129 1705 1157 ad-

149 1182 260 1202 versum
280 1171 509 1210 interpolarant,
531 1171 599 1210 ipse
614 1171 728 1200 vidisti.
763 1172 895 1207 Addam,
920 1172 1027 1201 eodem
1044 1173 1073 1200 in
1090 1172 1191 1210 capite
1206 1170 1394 1200 hauddubie
1407 1180 1475 1200 esse
1488 1169 1703 1200 scribendum:

139 1215 221 1254 sorte
243 1214 338 1250 magis
362 1221 387 1241 et
408 1223 467 1241 non
488 1213 545 1241 ullo
565 1214 656 1241 adhuc
678 1214 809 1242 consilio.
852 1213 972 1253 Vulgo,
1003 1221 1027 1241 et
1050 1213 1145 1250 nullo3
1175 1212 1231 1241 sed
1265 1212 1365 1241 codex
1393 1211 1502 1249 habet,
1530 1222 1589 1241 non
1615 1211 1705 1247 nullo,

149 1264 257 1284 errore
280 1253 411 1294 vulgari.

800 1297 899 1325 nist.
928 1297 966 1333 1.‚
998 1296 1047 1326 31.

298 1347 373 1376 Post
395 1356 459 1376 eam
481 1347 604 1376 Pisonis
626 1347 798 1376 orationem
820 1347 1005 1376 seditionem
1030 1347 1234 1387 composituri
1262 1346 1381 1376 tribuni
1403 1345 1628 1383 mittunturad
1650 1345 1707 1375 mi-

150 1389 232 1418 lites:
258 1388 367 1417 Celsus
389 1388 504 1416 Marius
525 1387 563 1416 ad
586 1388 702 1418 electos
724 1389 841 1427 Illyrici
864 1389 1037 1426 exercitus;
1060 1389 1098 1417 ad
1122 1389 1328 1418 Germanicos
1349 1388 1463 1417 milites
1485 1387 1706 1428 primipilares.

150 1430 279 1467 Legioni
304 1430 438 1458 classicae
464 1428 617 1467 diffidebat,
648 1430 767 1469 infestae
794 1431 830 1459 ob
858 1431 973 1459 caedem
1001 1431 1246 1459 commilitonum.
1291 1430 1427 1466 Pergam
1449 1431 1536 1459 etiam
1560 1430 1589 1458 in
1611 1436 1708 1458 castra

147 1471 401 1510 praetorianorum
423 1471 527 1499 tribuni
552 1471 662 1499 Cetrius
687 1470 817 1508 Severus,
850 1472 970 1499 Subrius
993 1472 1119 1506 Dexter,
1143 1472 1308 1509 Pompeius
1332 1472 1498 1510 Longinus,
1524 1472 1550 1500 si
1571 1471 1709 1509 incipiens

151 1512 243 1541 adhuc
265 1519 290 1539 et
311 1513 430 1540 necllum
458 1512 556 1541 adulta
585 1513 685 1541 seditio
713 1512 878 1541 melioribus
905 1513 1033 1541 consiliis
1049 1512 1222 1551 flecteretur.
1285 1512 1482 1540 Tribunorum
1514 1512 1652 1541 Subrium
1681 1517 1709 1540 et

155 1552 282 1581 Cetrium
307 1553 401 1581 adorti
428 1553 533 1581 milites
560 1554 655 1589 minis,
688 1554 860 1590 Longinum
887 1554 1020 1582 maniltns
1048 1561 1143 1582 arcent
1171 1561 1388 1591 exanimatque,
1426 1555 1493 1591 quia
1522 1563 1581 1582 non
1609 1552 1709 1582 ordine

152 1594 280 1631 militiae,
309 1595 358 1621 sed
380 1604 392 1621 e
415 1593 521 1622 Galbae
544 1595 654 1629 amicis,
672 1593 754 1632 fidus
778 1596 901 1633 princisti
929 1604 993 1623 suo
1024 1602 1049 1623 et
1075 1595 1293 1624 desciscentibus
1315 1596 1474 1633 suspectior
1496 1602 1565 1624 erat.
1611 1594 1707 1631 Legio

153 1635 271 1663 classica
293 1635 362 1662 nihil
382 1642 512 1663 cunctata
529 1637 723 1673 praetorianis
743 1636 917 1673 adiungitur.

301 1675 369 1703 Non
392 1676 562 1714 spernenda
587 1682 655 1705 erat
676 1677 797 1706 Ernesti
820 1677 1010 1714 observatio,
1033 1678 1094 1717 qui,
1117 1683 1296 1716 suspectum
1321 1676 1407 1712 mihi,
1433 1675 1543 1715 inquit,
1572 1681 1620 1705 est
1642 1685 1708 1705 suo
1758 1699 1759 1702 η

154 1722 182 1745 et
205 1726 220 1744 a
242 1716 370 1745 librario
391 1719 623 1755 germanizante
647 1717 793 1747 additum.
837 1718 1035 1760 Quamquam
1060 1719 1139 1746 enim
1164 1728 1267 1758 neque
1286 1718 1425 1746 additum
1447 1726 1516 1746 esse
1538 1727 1554 1746 a
1577 1716 1709 1746 librario
1747 1721 1750 1724 ’

153 1756 234 1786 istud
254 1767 426 1795 pronomen
448 1767 548 1797 neque
564 1759 774 1798 germanizare
792 1765 878 1799 puto,
895 1766 997 1788 tamen
1016 1769 1211 1799 nequaquam
1227 1759 1305 1788 ferri
1319 1758 1380 1788 hoc
1400 1758 1470 1788 loco
1489 1768 1582 1797 posse
1601 1756 1710 1787 certis·-

155 1797 229 1827 sima
250 1807 299 1826 res
323 1803 378 1826 est.
411 1800 488 1827 Nam
512 1799 597 1838 quod
618 1799 672 1828 ille
693 1810 802 1839 parum
826 1800 865 1829 de
886 1811 923 1830 eo
946 1801 1141 1840 pronominis
1167 1801 1264 1829 abusu
1286 1800 1452 1829 meditatus
1477 1799 1710 1828 Germanorum

156 1838 410 1867 consuetudinem
432 1839 576 1869 redolere
597 1839 734 1879 putabat,
756 1841 786 1870 id
811 1848 843 1870 tu
864 1841 981 1871 rectius
1005 1841 1044 1870 ab
1067 1841 1208 1871 universa
1230 1841 1525 1881 antiquitate·longe
1546 1845 1712 1876 remotam,

155 1879 207 1909 sed
219 1879 396 1908 recentibus
410 1880 585 1910 hominibus
599 1881 811 1912 inhaerentem
828 1883 1066 1921 perversitatem
1082 1883 1212 1912 vocaris.
1233 1884 1290 1912 Est
1308 1889 1408 1911 autem
1422 1892 1457 1910 ea
1472 1881 1543 1910 licta
1560 1880 1711 1922 quaedam

157 1926 188 1949 et
222 1920 361 1949 simulata
395 1920 543 1949 mollitiae
577 1923 811 1963 teneritatisque
846 1923 990 1963 imitatio,
1023 1934 1115 1964 quam
1150 1933 1231 1952 nunc
1265 1922 1374 1952 falsam
1403 1922 1710 1952 sentimentalitatem

157 1961 279 1990 nomine
301 1961 426 2001 quidem
450 1971 541 2001 ηονο,
568 1963 624 1991 sed
646 1970 719 2003 apto
743 1964 898 1999 vocitant3
923 1975 993 1993 nam
1016 1971 1142 2004 praeter
1163 1970 1262 1994 artem
1287 1970 1381 2004 atque
1398 1965 1547 1993 rationem
1569 1963 1614 1992 ibi
1635 1973 1711 2003 quo-

158 2011 218 2042 que
239 2011 273 2030 ea
296 2003 425 2039 utimur,
458 2002 512 2031 ubi
535 2003 617 2043 apud
638 2012 725 2034 recte
746 2005 916 2034 iudicantes
942 2005 1043 2034 nullus
1064 2006 1127 2035 eius
1149 2006 1237 2034 locus
1260 2005 1368 2034 fuerat.
1417 2006 1479 2034 Iam
1503 2015 1580 2034 vero
1600 2009 1709 2033 nostro

157 2042 228 2088 loco
249 2042 328 2089 hanc
349 2053 492 2072 sensuum
514 2046 710 2074 teneritatem
732 2046 838 2077 ‘addito
862 2056 899 2075 eo
922 2047 1110 2086 pronomine
1128 2046 1363 2086 perversissime
1384 2047 1426 2075 eis
1445 2045 1594 2075 militibus
1610 2044 1712 2074 incul-

159 2092 231 2130 cam,
257 2094 308 2124 qui
329 2094 410 2113 nunc
432 2084 570 2124 ipsum'a
593 2087 736 2127 principe
757 2087 944 2124 desciscunt,
973 2088 1151 2127 unicuique,
1179 2088 1234 2128 qui
1256 2097 1331 2117 sano
1354 2087 1556 2128 antiquitatis,
1581 2086 1633 2116 vel
1655 2095 1712 2125 po-

157 2130 216 2154 tius
233 2123 444 2165 humanitatis,
461 2135 549 2166 sensu
570 2126 705 2158 imbutus
727 2134 784 2169 est,
803 2136 921 2159 certum
937 2129 1040 2159 videri
1062 2128 1164 2159 debet.
1208 2129 1319 2170 Neque
1341 2129 1438 2169 magis
1459 2129 1491 2157 in
1513 2128 1572 2157 hac
1593 2126 1712 2167 simpli-
