1794 2318
225 216 336 264 llisf.
351 217 426 248 lv.
443 225 477 247 c.
498 217 568 251 25,
605 218 698 261 „Mox
711 219 940 250 valescentibus
958 220 1126 251 Germanis
1140 223 1312 264 pleraeque
1328 225 1469 255 civitates
1486 226 1652 256 adversum

74 268 132 288 nos
155 261 333 287 armari.“
376 259 430 288 Sic
457 259 517 288 iam
549 266 621 289 ante
650 270 700 289 me
729 262 798 291 cod.
828 262 937 291 vitium
960 264 1081 292 armai
1106 266 1283 294 correxisse
1307 267 1494 306 Bipontinos
1517 268 1652 297 invenio.

76 302 119 332 C.
147 300 215 330 26.
244 301 386 341 „Ductus
416 311 431 329 a
454 301 580 330 Vocula
611 302 801 332 exercitus.“
847 304 924 333 Cod.
954 315 972 333 a
1002 305 1124 335 omittit.
1170 306 1255 335 Nihil
1285 309 1460 345 corrigam
1493 320 1564 338 nam
1594 310 1652 338 alia

75 341 219 382 exempla
244 348 316 371 sunt
339 341 414 370 nudi
439 341 582 381 ablativi,
616 343 670 372 ubi
696 345 963 384 praepositionem
986 357 1003 375 a
1027 348 1222 378 consuetudo
1245 340 1389 388 {lagitatf
1420 350 1453 379 Si
1477 350 1551 391 quid
1572 357 1652 381 esset

74 382 267 419 mutandum,
290 382 475 422 scriberem,
498 385 676 415 Voculae
699 386 873 423 exercitus;
897 397 910 415 e
933 387 1100 426 duplicata.

225 445 348 492 nist..
363 446 435 477 IV.
472 454 507 476 e.
531 445 602 477 28.
664 448 785 487 „Actae
813 447 983 487 utrobique
1010 449 1164 488 praedae',
1197 449 1337 480 infestius
1367 452 1396 480 in
1426 452 1514 482 Ubiis
1525 474 1533 487 ‚
1568 453 1651 493 quod

74 496 150 526 gens
200 486 408 544 Gerraamcae
449 487 578 528 originis
622 489 740 518 eiurata
778 489 878 529 patria
921 490 948 518 R
959 500 976 519 o
984 501 1013 518 m
1023 500 1037 518 a
1047 502 1064 518 n
1075 501 1092 520 o
1102 502 1184 520 rum
1223 503 1241 521 n
1251 502 1269 521 o
1279 503 1308 521 m
1318 503 1333 522 e
1342 504 1359 521 n
1402 494 1650 534 Agrippinenses

76 534 274 558 vocarentur.

225 580 367 609 Eiicinnt
393 581 486 609 Rom,
514 591 599 610 nom.
643 580 705 610 Sed
734 581 880 617 calidius,
915 587 949 611 ut
978 582 1101 621 opinor.
1153 582 1229 626 Quis
1253 585 1333 614 enim
1356 585 1429 614 talia
1453 587 1651 626 appingeret,

75 628 107 652 et
129 632 192 662 quo
217 621 369 651 consilio?
398 622 507 651 Potius
529 622 773 662 indignationem
793 621 1026 652 Germanorum
1052 624 1190 653 describi
1214 626 1279 664 ipsa
1303 636 1353 654 res
1377 626 1476 657 docet.
1507 619 1649 659 ..Νοιῃειι

75 662 199 694 odisse“
236 663 515 703 Agrippinensium
549 664 705 693 dicuntur.
766 665 948 704 Corrigam:
985 666 1091 706 „quod
1127 666 1242 695 eiurata
1278 668 1377 706 patria
1408 685 1447 690 —
1474 670 1651 698 Romanum

73 704 206 734 nomen!
239 723 271 726 -
304 705 550 744 Agrippinenses
580 711 780 735 vocarentur.-
829 707 980 737 Novimus
1018 707 1099 735 enim
1130 718 1268 743 morem,
1311 715 1473 747 poetarum
1510 711 1651 745 maxime,

74 746 228 775 eiusmodi
256 746 497 775 exclamationes
522 747 657 777 orationi
686 748 918 787 interponendi.
963 748 1187 777 Coniunctivus
1212 755 1313 778 autem
1345 751 1649 791 ‚,vocarentu1·,“

73 793 198 827 partem
221 787 353 817 infestae
376 787 440 816 eius
464 789 615 818 orationis
639 799 695 818 nos
724 789 827 829 legere
858 788 1022 829 significat.
1072 791 1121 818 Et,
1143 801 1273 830 prorsus
1301 790 1361 820 hoc
1390 791 1482 822 habet
1511 793 1649 830 Tacitus,

73 835 108 859 ut
130 829 224 858 etiam
247 829 428 865 inducente,
449 840 542 870 quam
567 829 684 866 dicunt,
708 830 841 871 orationi
866 831 997 860 actionis
1023 831 1150 871 vestigia
1173 832 1333 871 imprimat
1355 834 1540 872 praesentis.

227 892 336 922 nist.
359 892 433 921 lv.
464 900 497 922 e.
521 891 596 923 29.
651 893 754 929 „Tum
783 902 860 922 vero
887 892 1036 932 strepitus
1067 892 1214 930 disson&
1240 902 1356 922 casus
1385 894 1510 932 incerti,
1545 904 1650 936 neque

72 931 208 963 feriendi
230 936 330 973 neque
353 933 530 963 declinandi
553 934 764 972 providentia.
810 933 897 963 Unde
920 934 1040 962 clamor
1065 934 1234 972 acciderat,
1262 935 1479 975 circumagere
1502 945 1648 975 corpora,

72 974 207 1045 }en‘}.er.e
229 986 271 1022 ar
281 984 357 1045 0515.
385 974 487 1033 “Nihil
509 975 659 1014 prodesse
682 975 791 1013 virtus,
810 974 877 1004 sors
901 981 1013 1005 cuncta
1036 975 1176 1013 turbare,
1201 982 1231 1006 et
1253 976 1438 1016 ignavorum
1461 977 1531 1006 telis
1555 984 1649 1017 saepe

88 1022 237 1045 ortissmn
259 1027 294 1045 ca
321 1027 373 1046 ere

224 1069 272 1098 De
300 1068 460 1097 casibus
490 1068 551 1097 illis
581 1068 748 1097 incertis
784 1067 991 1098 vehementer
1019 1068 1138 1098 dubito.
1190 1069 1288 1098 Nimis
1319 1070 1401 1098 enim
1433 1070 1463 1099 in
1492 1076 1647 1100 nocturno

71 1109 134 1145 hoc
166 1110 303 1139 tumultu
331 1115 541 1149 properanter
570 1116 642 1148 post
670 1110 812 1149 strepitus
843 1110 1028 1139 irruentium
1066 1110 1207 1140 dissonos
1241 1110 1385 1149 veniunt,
1421 1117 1452 1140 et
1487 1111 1646 1151 sequentia

71 1157 237 1191 occupant.
281 1151 421 1180 Accedit.
447 1151 529 1192 quod
551 1151 619 1181 cod.
637 1161 689 1180 eas
705 1161 794 1181 voces
818 1151 938 1187 omisit3
962 1151 1020 1180 alia
1044 1151 1159 1180 deinde
1183 1162 1290 1180 manus
1308 1152 1483 1191 adscripsit,
1508 1162 1647 1182 corsus

72 1192 255 1232 inceptti.
279 1192 352 1222 inde
374 1193 508 1222 fortasse
528 1193 695 1231 correctio,
719 1202 835 1222 casus
860 1193 1009 1222 incerti
1030 1192 1059 1221 in
1085 1198 1204 1222 ceteros
1228 1193 1327 1222 libros
1349 1194 1443 1231 venit,
1466 1193 1547 1222 unde
1570 1192 1646 1221 nihil

72 1241 212 1264 notatum
235 1234 339 1264 video.
383 1234 446 1263 Sed
468 1234 597 1273 prepius
621 1241 688 1262 erat
711 1240 743 1262 et
765 1234 802 1262 ad
826 1233 1045 1272 descriptionis
1061 1239 1201 1262 naturam
1218 1234 1333 1273 aptius:
1356 1234 1505 1273 strepitus
1521 1234 1647 1271 dissoni,

75 1285 212 1305 cursus
235 1275 390 1305 incerti.
414 1276 432 1304 i.
456 1286 479 1305 e.
511 1275 670 1304 discursus
694 1276 761 1313 vel⁷
798 1275 950 1304 incursus.
995 1275 1087 1303 Multi
1116 1285 1232 1304 arcus
1263 1276 1388 1314 eripere
1416 1281 1542 1305 tentant.
1585 1275 1646 1305 Sed

73 1316 100 1346 si
123 1318 188 1346 eius
211 1317 266 1346 teli
289 1317 393 1346 locum
418 1316 469 1346 hic
495 1317 611 1345 nullum
641 1326 704 1346 esse
731 1317 833 1355 aiunt,
868 1327 929 1356 quo
958 1315 989 1344 id
1019 1316 1086 1345 iure
1113 1315 1267 1346 affirment
1295 1316 1422 1355 ignoro,
1460 1316 1646 1355 praesertim

74 1369 145 1388 cum
167 1359 241 1399 ipsis
265 1358 415 1399 proximis
439 1357 543 1387 verbis
574 1358 837 1398 „ignavorum
868 1357 976 1391 tetis,
1012 1367 1029 1385 e
1058 1357 1232 1397 longinquo
1261 1357 1342 1385 haud
1374 1357 1471 1386 dubie
1501 1365 1530 1387 et
1553 1358 1646 1387 etiam

74 1410 148 1429 arcu
167 1400 278 1440 missis,
306 1399 495 1429 fortissimos
518 1399 628 1429 cadere
653 1399 819 1436 discamus,
849 1399 893 1427 uti
916 1398 1090 1427 Richardus
1115 1399 1290 1438 Anglorum
1315 1409 1371 1427 rex
1392 1399 1548 1429 Leoninus
1572 1409 1645 1427 arcu

74 1441 154 1471 ictus
176 1442 206 1470 in
229 1441 348 1471 castelli
375 1441 607 1481 expugnatione
637 1441 759 1470 cecidit.
808 1440 901 1486 Quod
931 1447 1032 1469 autem
1062 1446 1168 1468 artus
1198 1440 1433 1476 commendant,
1467 1440 1644 1479 probarem,

73 1482 99 1512 si
127 1490 251 1523 poetam
285 1483 478 1522 legeremus;
512 1482 533 1510 ii
564 1483 646 1511 enim
676 1493 734 1521 pro
764 1481 951 1520 corporibus
981 1481 1149 1519 memhris,
1182 1492 1239 1520 pro
1270 1480 1420 1509 membris
1450 1481 1575 1509 artubus
1598 1480 1644 1509 uti

73 1525 204 1554 malunt.
248 1526 276 1553 E
299 1524 413 1565 quibus
437 1531 469 1553 ut
494 1523 590 1553 multa
615 1523 757 1552 assumsit
779 1523 915 1559 Tacitus,
943 1534 1003 1552 non
1028 1529 1126 1551 tamen
1152 1529 1270 1551 temere
1294 1531 1437 1562 quaeque
1460 1522 1643 1551 invehenda.

74 1567 122 1596 Ac
144 1577 225 1608 nego
245 1567 343 1595 ullum
366 1576 435 1596 esse
458 1565 571 1601 locum,
595 1565 649 1594 ubi
671 1571 827 1594 artuum
851 1564 922 1593 talis
945 1564 1025 1603 apud
1051 1574 1121 1592 eum
1145 1573 1216 1592 usus
1239 1563 1288 1593 sit.

225 1629 335 1660 llist.
365 1629 439 1661 lv.
474 1637 508 1659 ρ.
537 1627 611 1659 31.
663 1627 807 1664 „Auxilia
834 1636 852 1656 e
886 1626 998 1662 Gallia,
1035 1624 1149 1666 quibus
1178 1635 1233 1654 nec
1267 1634 1355 1653 amor
1382 1634 1441 1654 nec
1472 1624 1578 1654 odium
1613 1624 1642 1652 in

75 1677 197 1711 partes,
221 1670 391 1700 militi-ae
414 1671 480 1700 sine
503 1667 650 1699 affectu.“

225 1724 294 1752 Non
325 1729 412 1752 recte
442 1721 625 1751 Bhenanum
655 1720 766 1749 imitati
795 1719 975 1757 corrigunt,
1010 1717 1171 1746 militia.
1214 1717 1390 1746 Partium
1420 1716 1500 1745 enim
1525 1726 1642 1746 memor

76 1763 152 1793 duas
175 1764 345 1793 militias
368 1764 434 1793 sine
460 1763 573 1792 afl'ectu
596 1771 662 1792 esse
685 1761 770 1799 dicit,
792 1760 914 1791 Vitellii
939 1765 970 1788 et
993 1759 1138 1788 Othonis.
1162 1768 1270 1788 eorum
1294 1764 1404 1787 neutra
1423 1758 1531 1787 militia
1554 1757 1642 1788 cordi

76 1805 120 1835 eis
143 1812 221 1845 erat,
245 1806 316 1846 quia
340 1806 432 1835 duces
456 1815 508 1835 eos
531 1803 729 1844 spernebant,
752 1809 857 1843 partes
880 1800 956 1830 nihil
982 1799 1143 1829 curabant.

225 1868 335 1899 nist.
364 1868 437 1899 Iv.
466 1876 500 1897 (⁶.
529 1866 602 1898 33.
654 1866 853 1905 „Vasconum
883 1864 984 1893 lectae
1013 1874 1029 1892 a
1058 1863 1158 1892 Galba
1186 1861 1329 1891 cohortes
1359 1871 1393 1890 ac
1422 1867 1485 1890 tum
1517 1860 1641 1893 accitae,

75 1908 148 1937 dum
174 1909 283 1938 castris
306 1909 531 1950 propinquant,
554 1902 659 1936 audito
680 1906 881 1946 pugnantium
899 1905 1035 1935 clamore
1052 1911 1186 1933 intentos
1206 1903 1302 1932 hostis
1326 1914 1341 1930 a
1365 1908 1457 1941 tergo
1481 1902 1640 1948 invadunt,

74 1950 280 1990 latioremque
304 1961 393 1990 quam
417 1961 475 1990 pro
497 1960 627 1979 numero
647 1955 802 1977 terrorem
827 1947 960 1985 faciunt,
994 1946 1061 1975 aliis
1089 1956 1105 1974 a
1133 1944 1269 1974 'Novesio
1300 1944 1366 1972 aliis
1382 1954 1412 1990 'a
1442 1945 1639 1983 Moguntiaco

73 1991 236 2020 universas
264 1992 371 2031 copias
399 1992 557 2021 advenisse
586 1989 794 2020 credentibus.
849 1989 876 2018 Is
903 1998 994 2017 error
1021 1986 1197 2026 [Romanis]
1227 1985 1312 2015 addit
1341 1995 1472 2023 ammos⁷
1509 1990 1537 2013 et
1565 1983 1638 2012 dum

73 2032 179 2062 alienis
200 2033 320 2063 viribus
343 2033 512 2069 confidunt,
535 2043 606 2062 suas
627 2029 802 2070 1·ecepere.“
1534 2032 1537 2033 ⁷

224 2085 322 2114 Recte
350 2096 418 2114 cum
449 2085 516 2114 aliis
544 2083 613 2113 cod.
643 2083 798 2123 glossema
828 2080 1015 2110 Romanis
1052 2078 1175 2109 omittit.
1234 2079 1344 2118 Neque
1376 2078 1456 2107 enim
1493 2075 1637 2122 cuiqnam

71 2124 144 2155 addi
164 2126 286 2156 animus
308 2133 428 2167 potest,
459 2127 519 2156 nisi
541 2126 699 2156 Romanis.
755 2124 907 2153 Similiter
928 2121 1059 2151 adderes
1089 2127 1259 2159 „terrorem
1283 2118 1467 2149 hostibus
1490 2116 1637 2146 sacmntf»
