1794 2318
758 103 1038 143 „4—

256 208 366 242 nist.
385 206 448 238 11.
468 214 504 237 c.
530 205 596 239 16.
640 205 832 243 „Temeritas
854 211 940 236 tanta
963 205 1045 237 mole
1068 205 1147 236 belli
1174 205 1250 236 nihil
1278 206 1310 236 in
1332 216 1473 237 summa
1495 207 1692 248 profutura.“

257 261 428 301 Eleganter
450 259 552 288 Rhen.
576 258 612 287 in
635 268 837 295 summam,
871 257 926 288 sed
949 264 1077 298 praeter
1099 258 1326 288 necessitatem.

255 313 366 343 nist.
389 311 450 342 II.
474 319 508 341 e.
534 308 605 341 18.
649 309 906 350 „Providentiam
930 309 1018 339 ducis
1042 310 1186 340 laudari?
1209 310 1292 355 Quin
1315 311 1410 351 prodi
1434 311 1628 342 ΟῑΙιοηεῑῐῐιῖιι

255 364 394 392 Primam
418 362 566 392 orationis
590 367 713 401 partem
736 372 753 391 a
777 362 828 390 Fr.
851 361 976 391 Rittero
1001 362 1087 398 eiici,
1111 368 1199 392 tanto
1223 362 1398 393 mirabilius
1421 370 1475 403 est,
1497 363 1584 406 quod
1602 363 1687 394 idem

108 405 298 445 ingeniosam
321 404 459 434 Belilaeri
490 403 743 432 emendationem
768 403 896 443 recipit:
927 402 1032 449 „Quin
1062 404 1155 444 prodi
1180 403 1372 434 Othonem.“
1415 407 1494 436 Nam
1516 416 1551 436 ea
1574 405 1690 436 climax

106 447 195 476 nihili
217 447 285 485 erit,
308 446 333 475 si
355 446 441 474 illam
464 444 693 485 indignabundi
716 444 820 474 militis
843 445 1127 486 interrogationem
1149 446 1319 486 spreveris.
1570 457 1573 460 ’

254 498 363 528 nist.
392 498 453 528 11.
482 505 515 527 (3.
544 495 619 527 2⁰.
685 497 845 533 „Uxorem
881 507 1009 538 quoque
1044 503 1121 526 tum
1154 497 1220 526 eius
1254 515 1295 520 —
1331 497 1563 537 gravabantur,
1587 498 1689 528 insita

105 539 288 570 mortalibus
311 545 421 568 natura
446 543 609 568 recentem
635 538 766 568 aliorum
790 537 975 568 felicitatem
996 539 1120 568 acribus
1135 539 1236 568 oculis
1252 539 1475 580 introspicere,
1496 539 1690 581 modumque

105 580 251 611 fortunae
275 592 291 610 a
314 581 406 610 nullis
430 579 532 621 magis
556 580 691 620 exigere,
714 590 806 620 quam
830 590 908 621 quos
932 581 962 610 in
986 590 1089 621 aequo
1113 580 1191 609 sibi
1216 581 1357 611 vidcre.“

255 634 367 673 Tum,
395 632 480 674 quod
503 632 572 662 cod.
596 632 733 672 praebet,
770 631 909 670 eiiciunt,
945 642 1008 662 uon
1032 638 1128 661 recte.
1172 632 1251 660 Nam
1275 631 1404 661 Tacitus
1427 631 1570 662 Graecae
1590 631 1690 673 magis

105 685 196 716 quam
229 675 359 704 Latinae
391 673 606 704 consuetudini
645 674 824 714 obsequens
858 673 942 702 haud
976 684 1049 703 raro
1086 674 1130 702 sic
1163 680 1241 703 tum
1275 673 1306 702 in
1335 673 1477 713 simplice
1508 674 1689 703 narratione

105 716 221 746 adiicit.
253 716 290 744 in
320 726 448 756 aequo
478 715 560 744 sibi
600 725 638 744 ex
673 726 739 745 mea
777 715 959 744 coniectura
999 715 1128 755 scripsi;
1172 716 1285 755 vulgo,
1318 715 1348 744 in
1379 725 1415 744 ac
1440 726 1490 744 uo.
1534 715 1596 745 Sed
1618 714 1689 745 cod.

104 757 210 795 habet,
233 758 419 798 inequos‚
449 757 478 785 in
502 767 565 797 quo
590 756 666 785 sibi
690 757 800 791 latere,
829 756 996 786 commode
1020 756 1058 786 ad
1083 757 1276 792 sententiam,
1305 757 1429 796 suspica
1455 767 1499 786 ar.
1543 756 1690 787 Eodem

106 799 144 828 in
173 800 303 838 capite
333 798 493 828 scribunt:
529 808 675 838 „gnarus,
711 804 745 827 ut
767 798 853 827 initia
874 797 951 828 belli
974 799 1206 839 provenissent,
1240 797 1381 827 samam
1405 798 1435 827 in
1460 804 1567 828 cetera
1589 796 1690 828 fore.“

105 839 166 870 Sed
188 840 306 875 fama,
331 839 418 880 quod
441 839 511 869 cod.
534 839 640 875 habet,
671 851 733 869 non
756 839 858 869 minus
880 846 968 869 recte
991 840 1123 876 dicetur,
1145 839 1171 869 si
1193 850 1252 879 pro
1277 839 1415 869 ablativo
1438 839 1587 878 habebis3
1616 849 1690 869 nam

105 892 142 912 se
164 882 246 921 apud
269 882 343 910 Tac.
368 881 542 910 innumeris
565 881 642 910 locis
665 881 834 912 omittitur:
861 881 970 911 eadem
993 892 1029 911 se
1051 881 1134 911 sama
1156 882 1187 910 in
1214 887 1321 910 cetera
1344 880 1424 912 sore.

254 943 363 973 ΙΙίςί.
384 944 445 975 11.
470 952 505 973 c.
527 944 590 973 21.
638 943 691 981 „In
716 952 754 972 eo
776 944 949 973 certamine
972 944 1223 983 pulcherrimum
1246 942 1468 983 amphitheatri
1491 954 1572 983 opus
1596 941 1690 973 situm

106 990 189 1014 extra
212 995 320 1014 muros
344 983 562 1024 conflagravit,
596 983 661 1013 sive
685 983 723 1013 ab
747 985 1018 1025 oppugnatoribus
1042 986 1215 1022 incensum,
1244 985 1319 1014 dum
1343 986 1429 1015 faces
1452 991 1484 1014 et
1505 984 1636 1026 glandes
1658 990 1690 1014 et

105 1026 253 1055 missilem
278 1026 383 1067 ignem
406 1026 437 1062 in
461 1025 605 1056 obsessos
630 1025 815 1064 iaculantur,
844 1027 910 1057 sive
934 1026 972 1056 ab
998 1026 1146 1064 obsessis,
1170 1027 1243 1056 dum
1267 1033 1483 1067 reportans
1507 1027 1648 1066 gerunt.“

254 1077 403 1118 Plerique
425 1079 447 1106 Ι.
472 1077 569 1108 Gron.
592 1085 782 1118 sequuntur,
818 1078 869 1119 qui
894 1078 1039 1108 vitiosum
1064 1086 1282 1120 reportans
1313 1080 1354 1108 ita
1379 1077 1577 1119 corrigebat,
1614 1077 1690 1108 dum

106 1125 262 1149 retorta
285 1119 455 1159 ingerunt.
500 1119 563 1148 Sed
587 1129 647 1158 ego
670 1120 720 1148 vix
745 1130 853 1149 verum
878 1120 1033 1150 inventum
1058 1121 1174 1153 iudico.
1226 1122 1304 1151 Nam
1329 1121 1359 1150 in
1383 1126 1469 1150 tanto
1494 1119 1569 1149 belli
1595 1129 1691 1159 appa-

105 1167 174 1190 ratu
196 1159 327 1198 urbano,
347 1167 480 1201 quantus
500 1169 526 1189 c.
544 1162 589 1190 19.
613 1160 813 1198 describitur,
836 1168 901 1191 tum
924 1162 954 1191 in
979 1169 1040 1192 tam
1062 1169 1170 1193 atroce
1194 1163 1364 1193 certamine
1387 1160 1502 1202 ecquid
1524 1159 1689 1201 probabile

106 1208 159 1241 est,
188 1201 332 1231 obsessos
360 1212 393 1231 se
422 1202 452 1231 in
480 1202 694 1242 retorquendo
724 1202 835 1231 missili
864 1203 936 1242 igne
966 1204 1177 1234 continuisse?
1221 1205 1332 1245 Neque
1355 1214 1459 1233 casum
1483 1202 1621 1231 incendii
1642 1201 1688 1232 sic

105 1243 224 1272 illatum
242 1243 477 1282 comprobabis,
492 1244 516 1273 si
540 1244 718 1272 accuratius
743 1254 807 1274 rem
831 1250 952 1284 gestam
974 1246 1195 1275 considerat-is.
1240 1246 1398 1276 Caecinae
1416 1244 1539 1282 milites,
1565 1244 1689 1283 impetu

105 1284 301 1313 Placentiam
325 1285 464 1324 capturi,
498 1284 598 1324 aperti
619 1285 798 1324 incautique
821 1296 928 1315 muros
951 1286 1086 1318 subiere.
1132 1287 1226 1316 Haud
1250 1287 1344 1317 dubie
1367 1287 1465 1326 igitur
1488 1291 1559 1315 ante
1582 1284 1688 1315 omnia

106 1325 384 1365 amphitheatrum,
423 1325 507 1355 unde
534 1326 618 1366 ignes
646 1326 677 1355 in
707 1326 819 1355 urbem
848 1327 1060 1367 coniicereut,
1093 1336 1342 1368 occupaverunt.
1386 1327 1480 1373 Quod
1503 1326 1529 1355 si
1549 1336 1608 1365 per
1629 1325 1688 1356 hos

106 1366 330 1406 conflagravit,
361 1377 433 1396 casu
457 1366 575 1395 sactum
599 1373 656 1396 est.
701 1367 833 1402 Obsessi
856 1378 951 1405 vero,
980 1370 1161 1408 praetoriae
1185 1369 1331 1400 cohortes
1355 1375 1386 1398 et
1408 1368 1576 1405 vexillarii,
1604 1366 1688 1407 peri-

105 1408 215 1438 tissimi
241 1408 319 1437 belli
347 1408 476 1447 milites,
510 1408 566 1437 sed
596 1408 671 1437 artis
701 1419 834 1448 operum
865 1408 1014 1449 urbisque
1037 1421 1099 1439 non
1122 1420 1197 1439 suae
1220 1421 1333 1450 parum
1355 1409 1488 1447 curiosi,
1521 1415 1588 1438 tum
1611 1417 1687 1439 vero

106 1449 354 1490 oppugnantium
386 1449 507 1479 ferocia
538 1449 740 1479 vehementer
767 1449 899 1485 incensi,
940 1456 975 1479 ut
997 1450 1043 1480 his
1071 1451 1209 1480 bostium
1237 1451 1445 1482 monumentis
1472 1460 1545 1480 casu
1566 1449 1687 1490 paratis

106 1491 163 1520 sibi
190 1500 230 1519 ue
256 1490 466 1519 infestissimis
495 1491 715 1530 pepercerint,
750 1500 948 1531 nequaquam
979 1492 1146 1522 verisimile
1176 1499 1234 1522 est.
1291 1492 1342 1522 Ab
1372 1491 1419 1521 his
1447 1492 1544 1532 igitur
1573 1497 1687 1531 sponte

107 1503 381 1572 aimlibitheatruin,
401 1532 456 1560 sed
481 1533 572 1567 clam,
595 1542 661 1561 esse
685 1532 856 1569 incensum,
886 1540 919 1562 ut
944 1533 1060 1563 civium
1084 1534 1231 1563 invidiam
1253 1533 1437 1574 effugerent,
1460 1533 1631 1573 uuicuique
1653 1532 1687 1561 in

106 1579 241 1603 mentem
263 1573 364 1602 statim
383 1573 490 1603 venire
505 1572 651 1602 debebat.
695 1572 773 1602 Tale
789 1573 884 1614 igitur
899 1574 1018 1615 aliquid
1033 1575 1063 1604 in
1082 1575 1194 1606 vitioso
1217 1581 1434 1615 reportans
1458 1575 1555 1604 latere
1570 1573 1685 1603 iudico.

106 1615 263 1650 Fortasse,
294 1614 366 1643 dum
389 1624 467 1643 rem
491 1614 722 1654 promptius
757 1615 807 1644 vel
841 1614 1022 1646 ferocius
1056 1617 1106 1647 vel
1142 1617 1394 1657 pertinacius
1426 1622 1547 1656 gerunt.
1604 1615 1685 1645 Nam

106 1655 191 1697 siglis
213 1655 371 1685 solvendis
392 1665 444 1684 res
468 1655 589 1696 agenda
612 1655 746 1692 videtur,
769 1657 965 1686 coniectandi
989 1668 1066 1688 vero
1087 1658 1209 1688 infinita
1231 1658 1485 1688 verisimilitudo.

257 1717 453 1753 ibidem,
487 1713 708 1757 quod'contra
731 1718 802 1748 cod.
825 1718 976 1759 scribunt,
997 1730 1033 1757 „a
1058 1719 1246 1761 quibusdam
1269 1730 1287 1749 e
1310 1720 1451 1758 vicinis,“
1473 1730 1536 1750 non
1558 1729 1594 1758 „a
1618 1717 1685 1758 qui-

106 1759 239 1788 busdam
269 1765 301 1788 et
328 1758 459 1788 vicinis⁴⁴
489 1758 507 1786 i.
536 1769 562 1787 e.
591 1765 619 1788 et
649 1759 778 1799 quidem
806 1761 916 1790 vicinis
941 1761 1093 1799 coloniis3
1135 1768 1199 1791 tum
1236 1761 1376 1801 „invidia
1399 1768 1430 1790 et
1453 1760 1686 1799 aemulatione,“

106 1812 168 1831 non
189 1800 345 1839 „invidiae
368 1800 606 1836 aetiiulatione,“
624 1801 709 1829 nulla
733 1810 825 1831 causa
838 1808 896 1831 est.
938 1803 1051 1843 Neque
1066 1803 1167 1843 magis
1180 1803 1388 1832 demonstrari
1405 1807 1518 1841 potest,
1539 1806 1685 1841 „noctem

107 1851 189 1912 essded
203 1841 350 1911 parangis
380 1840 528 1880 operibus
557 1841 821 1883 absumptam,
860 1843 945 1885 quod
968 1845 1151 1885 corrigunt,
1186 1854 1280 1885 quam
1302 1843 1565 1883 adsumptam,
1597 1841 1683 1886 quod

108 1893 145 1913 co
193 1906 199 1913 .
222 1893 298 1922 prae
324 1888 385 1911 ent.

259 1936 368 1968 Hist.
382 1937 443 1967 11.
458 1945 492 1966 e.
510 1936 584 1968 22.
616 1936 703 1976 „red
714 1938 771 1966 ire
793 1937 928 1968 infracta
944 1936 1062 1974 fama&
1074 1943 1206 1976 mutant,
1221 1936 1396 1974 rediere3
1416 1936 1472 1966 sed
1485 1935 1683 1972 infinitivum,

108 1986 201 2017 quem
223 1975 408 2007 historicum
431 1988 495 2007 non
517 1985 605 2008 recte
629 1978 771 2018 dicimus,
791 1979 885 2018 plane
906 1990 963 2009 suo
985 1979 1058 2009 loco
1081 1978 1145 2008 illic
1167 1979 1281 2015 venire,
1301 1975 1371 2018 ipsa
1395 1988 1444 2008 res
1466 1978 1570 2007 docet.

132 2066 134 2069 .
257 2030 366 2060 nist.
393 2030 455 2061 11.
485 2041 519 2063 e.
548 2030 623 2062 ⁶23.
684 2031 862 2070 „Spurinna
891 2037 1056 2071 comperto
1085 2030 1198 2060 itinere
1226 2029 1363 2059 hostium
1397 2029 1430 2069 [i.
1460 2039 1487 2058 e.
1517 2027 1683 2067 Caecinae]

107 2069 267 2100 defensam
289 2072 483 2100 Placentiam
511 2090 553 2094 —-
581 2079 611 2102 et
634 2073 709 2112 quid
733 2074 867 2102 Caecina
888 2078 1016 2113 pararet
1047 2073 1197 2112 [pergere
1220 2081 1291 2100 eum
1315 2071 1518 2111 Cremonam]
1547 2069 1683 2100 Annium

106 2110 231 2141 Gallum
253 2123 312 2152 per
331 2113 439 2142 literas
463 2113 566 2144 docet.
609 2113 718 2143 Gallus
741 2114 896 2156 legionem
920 2114 1055 2155 primam
1076 2113 1108 2143 in
1130 2112 1278 2143 auxilium
1291 2112 1476 2143 Placentiae
1489 2111 1682 2142 ducebat.—
