1794 2318
698 77 1014 114 -11—

65 179 148 203 runt.
193 172 255 202 Sed
283 179 315 202 et
341 172 392 202 hic
418 178 454 202 et
481 172 512 200 in
542 170 644 210 capite
671 171 776 211 primo
804 171 950 202 codicum
977 171 1074 201 lectio
1105 171 1260 202 servanda
1283 179 1343 203 est:
1375 172 1436 203 Sed
1455 174 1646 206 ambitionem

64 216 215 254 scriptoris
235 215 329 255 facile
356 214 525 243 adverseris.
576 213 750 254 Utramque
779 223 908 253 vocem,
945 214 1022 255 quid
1058 213 1207 243 differant
1241 220 1272 243 et
1308 224 1365 244 cur
1401 222 1537 257 utroque
1570 217 1644 249 loco

63 257 211 286 adversari
232 255 424 296 probissime
442 255 574 295 dicatur,
596 255 754 295 explicare
775 256 862 285 nulla
881 256 1006 286 videtur
1029 265 1097 285 esse
1119 255 1294 286 necessitas.
1320 275 1352 278 -—
1378 258 1500 287 Eodem
1520 258 1552 287 in
1575 268 1643 299 cap.

63 298 120 329 38:
139 299 234 328 nullus
253 299 446 328 cunctationis
464 298 554 334 locus,
571 296 626 326 ubi
642 298 821 333 cunctationi
837 298 983 340 plerique
999 297 1115 337 favent,
1132 297 1194 327 iam
1206 308 1224 327 a
1235 298 1412 330 Walthero
1426 299 1574 330 defensus
1586 306 1643 331 est.

732 381 834 411 Hist.
856 383 894 419 1.‚
921 381 972 412 40.

214 447 370 486 Agebatur
392 449 446 477 huc
462 449 528 478 illuc
556 449 653 478 Galba
678 450 758 479 vario
783 449 882 478 turbae
894 449 1069 490 fluctuantis
1091 451 1234 490 impulsu,
1256 452 1407 490 completis
1428 453 1552 492 undique
1571 453 1644 484 basi-

36 482 39 490 s
64 491 126 520 licis
147 500 181 519 ac
198 491 321 529 templis,
345 490 493 527 lugubri
508 499 721 529 prospectu.
767 491 872 530 Neque
888 493 994 530 populi
1015 499 1066 521 aut
1085 493 1177 531 plebis
1200 493 1259 521 ulla
1281 503 1350 532 vox,
1372 494 1424 522 sed
1443 496 1561 524 attoniti
1583 496 1644 526 vol-

64 539 110 561 tus
136 540 162 561 et
192 542 345 561 conversae
375 534 414 560 ad
441 534 543 562 omnia
570 543 664 562 aures.
714 533 789 562 Non
817 534 975 571 tumultus,
1013 544 1072 563 non
1098 535 1194 574 quies3
1228 535 1312 573 quale
1341 528 1567 573 1nagni⁶m2tus
1591 545 1644 568 aut

63 583 189 612 magnae
211 575 270 603 irae
290 574 440 603 silentium
457 582 507 603 est.

215 635 320 666 Verba
343 641 448 665 notata
469 646 486 665 e
510 635 687 665 coniectura
709 642 789 666 sunt.
833 637 911 666 Nam
933 637 1034 667 codex
1055 637 1155 667 habet
1177 638 1306 668 Rittero
1332 646 1409 670 teste
1439 641 1555 678 lugubri
1575 652 1643 671 aro—

23 705 25 707 .
63 684 184 717 spectus.
229 676 319 722 Quae
340 677 372 715 si,
389 688 465 707 vera
489 678 645 708 correctio
668 684 722 717 est,
743 679 854 707 saltem
878 689 1000 709 comma
1023 679 1103 709 inter
1125 681 1232 719 templa
1247 686 1278 710 et
1290 682 1441 719 lugubrem
1454 691 1644 722 prospectum

63 725 110 748 est
132 718 356 748 inducendum.
375 740 377 742 -
399 719 479 747 Nam
501 720 648 749 sententia
670 730 732 748 non
756 726 859 760 potest
881 721 940 749 alia
963 731 1038 757 esse,
1062 732 1157 762 quam
1180 723 1339 762 completa
1359 724 1455 753 fuisse
1473 724 1594 764 templa
1610 725 1643 754 in

63 759 230 801 lugubrem
257 766 475 801 prospectum,
505 761 524 790 i.
552 771 576 791 e.
604 768 636 791 ut
663 761 737 790 inde
764 761 913 802 lugubres
943 772 991 792 res
1019 763 1049 792 in
1081 763 1152 793 foro
1182 763 1305 794 suturas
1331 766 1558 805 prospicerent.
1601 768 1644 796 Et

64 801 228 832 concinere
249 802 274 831 ei
298 801 501 841 descriptioni
524 802 637 844 leviter
658 813 725 831 rem
748 803 881 832 intuenti
904 804 1049 833 videatur
1071 805 1279 844 Plutarchus,
1309 807 1363 846 qui
1385 817 1454 848 cap.
1475 807 1535 839 26:
1575 808 1643 839 τῶν

62 845 124 883 μὲν
146 839 205 874 οὖν
227 842 361 873 πολλῶν
383 841 502 884 δρόμος
524 845 562 884 ἠν
584 841 622 875 οὗ
644 845 729 888 ‹sryf'j
752 843 992 885 σκιδναμένων,
1010 842 1083 876 ἀλλ’
1098 845 1154 876 ἐπὶ
1173 845 1232 881 τὰς
1248 850 1348 883 σῑοάς
1365 851 1419 879 καὶ
1435 847 1479 879 τοὶ
1494 850 1643 892 μετέωρα

64 886 120 926 τῆς
140 882 263 927 ἀγορᾶς
285 883 391 927 ὥςπερ
413 887 500 917 θέαν
521 886 878 927 καταλαμβανομένων.
929 889 1039 929 Neque
1069 894 1172 918 tamen
1198 896 1287 919 recte
1313 898 1491 921 correctum
1516 902 1642 923 censeo.

65 928 152 973 Quae
175 928 255 958 enim
277 938 313 957 ea
335 928 463 958 infantia
486 935 547 966 est,
574 940 634 970 qua
659 941 675 958 a
698 930 842 970 templis,
872 935 966 970 atque
993 930 1107 959 eodem
1136 931 1266 971 quidem
1293 942 1368 962 casu
1395 940 1483 963 sexto
1505 936 1642 973 retento,

64 968 167 1000 subito
197 969 366 999 aberratur
393 970 431 999 ad
458 971 611 1011 populum
641 971 715 1000 inde
740 978 1004 1011 prospectantem,
1033 972 1074 1001 ita
1099 971 1246 1011 obscure,
1268 980 1302 1003 ut
1323 975 1471 1015 plerique
1493 975 1573 1007 falso
1596 976 1642 1006 in-

62 1010 229 1051 terpretari
258 1011 435 1041 videantur.
478 1014 557 1041 Nam
585 1013 666 1042 istud
696 1022 819 1042 comma
850 1013 1079 1054 interpositum,
1105 1014 1192 1054 quod
1220 1025 1318 1054 supra
1341 1016 1527 1056 delevimus,
1553 1028 1642 1048 mon-

63 1059 164 1083 strare
193 1052 333 1090 videtur,
367 1053 556 1093 templorum
585 1062 790 1094 prospectum
820 1055 921 1095 ipsum
947 1055 991 1084 eis
1020 1055 1190 1095 lugubrem
1218 1056 1334 1096 videri,
1370 1058 1422 1098 qui
1450 1059 1554 1088 nullus
1584 1067 1641 1090 est.

61 1095 102 1124 Ut
124 1099 230 1123 autem
252 1094 348 1123 multa
369 1095 401 1123 iu
424 1095 535 1124 'l'acito
557 1106 652 1135 saepe
675 1096 770 1135 dura,
803 1106 897 1136 saepe
929 1096 1021 1126 etiam
1048 1097 1190 1137 neglecta
1221 1099 1419 1137 experimur,¹
1448 1099 1489 1129 ita
1510 1111 1574 1130 non
1596 1101 1641 1131 ibi

62 1135 156 1165 facile
180 1135 225 1165 sic
247 1135 382 1172 labatur,
405 1136 459 1165 ubi
481 1143 636 1174 ornatum,
666 1138 752 1178 quod
775 1137 825 1167 hic
850 1144 904 1175 est,
932 1138 1085 1167 industxia
1109 1139 1243 1179 quaerit.
1287 1140 1368 1169 Illud
1389 1141 1483 1170 etiam
1504 1142 1642 1183 interpo-

62 1177 212 1207 lationem
236 1177 391 1217 coarguit,
413 1178 500 1217 quod
523 1179 643 1218 populo
666 1179 816 1219 lugubria
838 1180 903 1209 visa
928 1179 1026 1209 fuisse
1047 1187 1224 1218 narrantur,
1253 1191 1335 1221 quae
1356 1182 1490 1223 ignavae
1512 1183 1563 1213 isti
1584 1184 1642 1214 ho-

62 1219 180 1248 minum
202 1218 284 1247 faeci
305 1219 352 1249 vel
376 1219 458 1248 laeta
480 1219 667 1259 videbantur
689 1221 740 1251 vel
762 1232 824 1251 non
848 1221 890 1250 ita
913 1221 1022 1250 tristia.
1071 1221 1135 1251 Sed
1156 1222 1240 1262 quod
1263 1223 1362 1252 maius
1391 1230 1448 1263 est,
1474 1231 1506 1254 et
1527 1226 1641 1256 literae

62 1260 226 1301 peccantis
256 1260 375 1290 codicis
404 1267 435 1290 et
462 1267 526 1291 tota
553 1262 703 1292 orationis
733 1263 877 1292 consulto
907 1269 939 1291 et
966 1262 1101 1303 pulchre
1130 1263 1170 1292 ad
1192 1264 1420 1296 miserationem
1444 1267 1641 1307 compositae

62 1302 190 1342 partitio
218 1312 275 1332 nos
306 1302 365 1332 alio
393 1301 520 1332 ducunt.
564 1305 643 1332 Nam
673 1305 820 1344 proximo
850 1304 976 1334 demum
1003 1314 1108 1342 versu,
1137 1311 1170 1334 ut
1196 1305 1265 1345 ipse
1292 1306 1390 1344 vides,
1418 1307 1458 1336 ad
1486 1309 1641 1349 populum

62 1343 158 1383 venit,
173 1349 218 1372 ⁴et
240 1343 283 1372 ita
312 1343 438 1384 quidem
460 1354 532 1373 eum
557 1345 688 1382 inducit,
716 1351 752 1374 ut
773 1346 919 1375 locorum
941 1346 1143 1386 descriptioni
1166 1357 1237 1376 eum
1259 1355 1407 1387 opponat.
1451 1349 1542 1379 Unde
1565 1361 1641 1380 con-

63 1384 202 1425 sequens
219 1391 276 1423 est,
297 1391 332 1414 ut
348 1385 457 1425 priora
479 1396 541 1415 non
557 1386 621 1416 eius
643 1388 778 1427 aliquam
801 1388 956 1417 actionem
981 1388 1172 1428 contineant,
1192 1389 1249 1417 sed
1272 1389 1312 1418 ad
1333 1390 1403 1419 loca
1423 1400 1512 1420 sacra
1535 1392 1640 1423 omnia

63 1427 125 1456 sint
150 1426 327 1456 referenda.
381 1428 428 1456 Ea
457 1437 535 1457 vero
565 1439 628 1457 non
659 1439 734 1459 sane
764 1435 899 1469 propter
928 1429 959 1458 id
992 1429 1163 1469 lugubrem
1194 1437 1402 1470 prospectum
1430 1433 1640 1473 praebebant,

63 1467 150 1510 quod
177 1468 377 1498 multitudine
406 1476 496 1498 erant
525 1470 692 1509 completa.
742 1472 821 1500 Nam
850 1481 912 1499 non
940 1471 971 1499 in
1008 1471 1248 1501 lamentationes
1285 1471 1401 1502 effusus
1439 1474 1639 1516 deorumque

63 1519 156 1550 opem
179 1510 296 1549 supinis
318 1509 463 1539 manibus
484 1510 656 1550 implorans
679 1512 815 1552 populus
837 1512 902 1541 illic
929 1512 1197 1552 conspiciebatur,
1235 1514 1290 1543 sed
1313 1514 1344 1543 in
1369 1518 1639 1555 exspectationem

63 1560 172 1581 omnes
195 1552 300 1581 erecti.
343 1553 450 1593 Itaque
473 1558 505 1581 et
524 1552 603 1582 haec
625 1563 732 1593 rerum
756 1553 920 1594 dispositio
943 1560 971 1583 et
990 1554 1152 1584 literarum
1176 1554 1289 1585 ductus
1311 1556 1443 1597 (lugubri
1454 1560 1639 1598 arospectus)

63 1603 102 1623 eo
130 1603 182 1622 me
208 1593 341 1629 ducunt,
370 1599 404 1622 ut
434 1593 617 1624 coniiciam:
655 1596 806 1634 completis
834 1597 958 1634 undique
984 1597 1099 1635 templis
1124 1597 1259 1634 lugubria
1282 1600 1490 1637 prospector-is.
1539 1600 1638 1631 Vides

62 1634 187 1664 literam
210 1645 228 1663 α
251 1634 430 1664 adhaesisse
450 1636 612 1675 proximae
634 1636 715 1676 voci,
730 1637 913 1676 prospectu's
934 1643 1047 1673 autem,
1070 1637 1096 1666 si
1117 1638 1212 1668 addas
1226 1638 1258 1667 id
1276 1641 1417 1678 comma,
1439 1650 1503 1681 quo
1517 1641 1638 1680 syllaba

64 1686 102 1712 er,
125 1677 159 1711 ir,
181 1677 206 1705 ri
229 1681 261 1705 et
283 1675 321 1704 ab
345 1676 413 1705 aliis
447 1677 611 1718 plerisque
634 1684 662 1708 et
685 1689 700 1708 a
725 1679 825 1708 nostri
862 1678 978 1708 codicis
1020 1678 1151 1709 librario
1186 1680 1359 1720 significari
1394 1682 1490 1719 solet,
1524 1690 1638 1723 sponte

64 1716 232 1757 praebebit
248 1719 456 1756 prospecturis.
489 1719 530 1748 Et
553 1720 689 1760 egregie,
710 1720 771 1749 nisi
793 1720 895 1758 fallor,
917 1720 1040 1760 templis
1063 1720 1194 1751 deorum
1215 1723 1240 1750 is
1263 1731 1371 1752 sensus
1393 1722 1552 1763 tribuitur,
1572 1735 1637 1766 quo

64 1758 185 1788 maiore
201 1768 271 1788 cum
294 1759 511 1797 sollicitudine,
534 1771 628 1802 quam
649 1761 824 1790 incuriosus
838 1762 892 1790 ille
915 1762 962 1790 sui
986 1768 1018 1791 et
1032 1762 1090 1791 alia
1114 1763 1216 1791 onmia
1237 1774 1334 1804 agens
1349 1765 1498 1804 populus,
1518 1766 1636 1796 instans

64 1800 97 1829 id
118 1798 238 1830 facinus
261 1801 351 1842 quasi
374 1807 469 1831 testes
493 1808 523 1831 et
545 1802 665 1832 ultores
688 1802 858 1833 adventare
880 1802 1036 1833 videbant.
1080 1805 1188 1845 Itaque
1210 1804 1324 1834 deinde
1348 1806 1452 1844 etiam,
1473 1813 1504 1837 et
1524 1807 1637 1837 eodem

65 1840 193 1882 quidem
208 1842 240 1871 in
263 1842 375 1882 capite,
400 1842 456 1871 uhi
477 1844 612 1873 militum
632 1844 774 1874 furorem
796 1845 871 1874 huic
893 1844 988 1874 Urbis
1009 1845 1155 1876 miseriae
1173 1846 1317 1877 consulto
1341 1848 1485 1887 opponit,
1506 1849 1637 1879 eandem

64 1882 146 1912 hanc
167 1894 235 1913 rem
257 1891 359 1924 urget:
387 1884 497 1914 Truces
523 1887 624 1922 armis,
657 1887 752 1925 rapidi
774 1888 854 1926 equis
871 1887 976 1925 forum
997 1889 1169 1926 irrumpunt.
1215 1889 1280 1917 Nec
1303 1889 1369 1918 illos
1397 1889 1535 1929 Capitolii
1555 1900 1638 1930 aspe-

65 1932 128 1954 ctus
150 1932 177 1954 et
203 1926 473 1956 imminentium
500 1928 719 1966 templorum
746 1929 880 1966 religio
907 1945 949 1951 —
978 1936 1110 1958 terruere.
1165 1930 1206 1959 Ut
1231 1935 1333 1959 autem
1363 1930 1402 1960 ad
1429 1931 1638 1962 Plutarchum

65 1975 241 2003 recurram,
272 1966 297 1996 is
319 1966 445 1997 brevius
471 1975 504 1998 et
528 1968 560 1998 in
584 1969 743 2008 epitomen
766 1969 848 1999 hanc
870 1980 937 1999 rem
960 1969 1147 2000 contrahens
1171 1971 1260 2012 quasi
1283 1972 1465 2012 spectaculo
1483 1973 1636 2003 intentum

64 2007 157 2037 nobis
179 2007 333 2048 populum
355 2009 420 2038 illic
442 2009 566 2039 demum
587 2010 793 2049 demonstrat,
815 2011 871 2040 ubi
889 2011 951 2040 iam
972 2012 1087 2042 milites
1102 2012 1237 2043 Othonis
1259 2013 1453 2054 irrumpunt:
1475 2013 1543 2046 Οἷα
1564 2011 1636 2046 δ’ἐν

65 2047 203 2093 πλήθει,
221 2047 381 2091 τοσούτῳ,
412 2051 480 2082 τῶν
506 2053 566 2091 μὲν
598 2048 836 2095 ἀναστρέφειν,
865 2053 945 2084 τῶν
962 2051 997 2084 δὲ
1027 2054 1181 2096 προϊέναι
1212 2072 1251 2077 —·
1279 2053 1452 2095 βοώντων,
1479 2074 1521 2080 -
1542 2055 1635 2099 ἐφαί-

66 2101 162 2122 νοντο
179 2091 314 2134 πρῶτον
335 2090 463 2131 ἱππεῖς,
485 2093 559 2125 εἶτα
583 2090 729 2126 ὁπλῖται.
752 2113 790 2119 —
814 2094 893 2126 Τῶν
914 2097 975 2135 μὲν
996 2091 1055 2128 οὖν
1077 2095 1213 2128 πολλῶν
1234 2094 1354 2138 δρόμος
1374 2093 1426 2139 ἦν,
1448 2104 1508 2129 etc.

1256 2160 1342 2197 (2²⁸⁷)
