1794 2318
785 108 837 116 -
915 84 968 121 10
1044 106 1097 112 -.

459 182 512 207 Vix
530 185 627 206 tamen
648 179 777 213 eripiam,
796 178 889 211 posito
907 185 1030 211 pavone,
1049 177 1118 201 velis
1137 175 1209 210 quin

460 216 521 240 Hoc
542 214 638 249 potius
658 222 743 247 quam
763 212 867 246 gallina
887 217 997 245 tergore
1017 211 1156 244 palatum,

461 249 624 281 Corruptus
642 247 722 272 vanis
741 255 852 273 rerum.
871 245 938 278 qnia
960 249 1062 269 vent-at
1084 251 1156 267 auro

459 282 534 306 Rara
553 281 618 311 avis,
639 285 666 306 et
684 280 759 314 picta
780 278 884 313 pandat
904 278 1066 312 spectacula
1088 275 1189 301 canda.

461 315 609 348 Tanquam
630 313 662 338 ad
684 322 745 339 rem
763 313 879 337 attineat
898 311 1074 345 quidquam!
1110 310 1185 335 Num
1204 308 1328 334 vesceris
1347 308 1406 339 ista,

462 347 553 382 Quam
573 347 680 378 laudas,
699 346 819 380 pluma?
851 346 937 370 Cocto
958 354 1027 369 num
1051 344 1129 368 adest
1152 344 1244 367 honor
1262 341 1358 367 idem?

464 384 557 408 Carne
577 386 679 411 tamen,
700 379 829 413 quamvis
849 379 930 403 «linat
951 378 1019 403 nihil
1043 378 1101 408 hac,
1121 376 1208 409 magis
1227 375 1275 400 illa
1293 375 1348 400 -—-‘?

462 415 626 448 lmparibus
647 413 744 438 formis
764 412 917 446 deceptum
938 417 965 437 tt·
987 412 1077 446 patet!
1110 410 1190 435 lsssro!
1562 441 1566 444 ῃ

311 462 430 500 Nempe
459 469 613 499 praeceps
637 457 823 499 indignantis
849 455 949 487 Ofelli
973 455 1073 485 oratio
1097 460 1263 495 postquam
1285 464 1343 494 per
1365 453 1535 483 cumulatas
1558 453 1732 494 interroga-

164 504 265 534 tiones
292 512 357 532 sese
387 501 505 537 effudit,
536 507 704 541 antequam
731 499 899 537 sententia,
935 508 1027 538 quam
1051 503 1162 537 sponte
1186 496 1289 536 quivis
1314 495 1503 535 compleret,
1531 494 1618 523 linita
1641 500 1732 530 esset,

165 545 267 574 media
288 542 488 584 praeciditur,
529 547 563 570 ut
586 541 688 571 statim
713 541 750 570 ad
772 550 957 579 responsum
980 546 1009 569 et
1033 538 1266 568 conclusionem
1291 537 1434 567 festinet:
1478 537 1648 576 Intparibtts
1662 536 1734 576 for-

164 588 221 616 mis
247 587 393 624 deceptum
421 592 447 614 te
470 583 566 622 patet!
609 584 687 611 Eam
716 592 792 610 vero
819 581 987 620 abruptam
1016 580 1193 609 orationem
1223 579 1374 618 imprimis
1404 578 1484 607 hanc
1506 578 1584 607 iram
1607 577 1735 616 decere,

165 637 254 657 nemo
284 626 392 656 doceri
420 625 504 655 velit.
546 625 653 664 Itaque
683 633 795 663 sperno
824 632 899 662 prae
928 622 987 651 hac
1010 631 1118 651 rerum
1142 620 1346 660 dispositione
1367 629 1436 649 eam
1460 619 1734 660 interpolationem

167 668 320 706 codicum,
343 678 436 709 quam
458 676 556 706 nuper
577 667 608 694 in
633 664 682 694 ed.
705 664 829 695 Horatii
853 675 906 693 sua
930 663 1073 693 Orellius
1097 669 1223 691 secutus
1247 669 1306 691 est:

465 716 559 740 Carne
576 720 670 739 tamen
691 713 820 747 quamtis
840 714 921 738 distat
941 714 1021 743 nihil,
1041 714 1092 738 hac
1109 713 1196 746 magis
1215 713 1293 738 illam

466 748 628 782 Imparibus
649 748 747 772 formis
767 747 919 780 deceptum
940 752 965 772 te
986 752 1085 780 petere
1105 752 1174 772 esto.

316 793 432 822 Levius
455 798 511 831 est,
540 801 641 831 neque
663 797 766 820 tamen
788 790 993 820 omittendum
1016 791 1046 819 in
1070 800 1105 819 ea
1129 790 1392 830 interpunctionis
1412 799 1500 826 cura,
1525 799 1618 830 quam
1640 786 1737 817 hodie

170 843 334 874 sectamur,
356 834 467 864 eodem
489 833 520 862 in
538 833 640 872 eapite
661 842 727 862 esse
749 833 791 862 ita
814 831 1012 861 dividendam
1032 832 1232 863 sententiam:
1256 832 1447 861 Praemissus
1469 839 1567 861 tamen
1590 832 1618 859 in
1641 837 1738 858 castra

171 879 264 915 Piso,
292 884 323 906 ut
345 877 466 912 iuvenis„
492 884 602 912 magno
625 875 757 910 nomine,
785 875 888 903 recenti
901 875 1009 913 favore
1033 880 1092 903 cte.
1137 874 1258 912 Vulgo:
1289 874 1412 903 Praem.
1435 875 1463 902 in
1486 881 1581 902 castra
1606 872 1683 901 Piso
1706 877 1738 901 ut

171 920 277 949 iuvenis
305 927 413 955 magno
442 914 589 955 nomine,>
607 918 710 945 recenti
736 921 796 945 etc.
840 915 903 944 Sed
933 915 1077 944 iuventus
1106 915 1229 944 Pisonis
1260 925 1318 955 per
1347 925 1380 944 se
1407 921 1600 944 momentum
1632 911 1738 941 habet.

170 961 250 990 Nam
272 959 441 999 opponitur
464 957 585 988 Galbae
610 956 752 986 infirmae
781 956 945 991 senectuti,
975 957 1060 986 cuius
1084 957 1115 985 in
1145 956 1245 995 capite
1267 956 1423 996 proximo,
1449 956 1499 994 35,
1528 954 1645 984 mentio
1675 958 1735 982 est:

171 1003 261 1031 donec
288 1018 328 1023 -—
354 1008 469 1039 sumpto
499 1000 615 1028 thorace
650 999 747 1028 Galba
779 999 897 1027 irruenti
930 998 1028 1027 turbae
1057 1009 1146 1036 neque
1181 1008 1301 1036 corpore
1335 999 1439 1027 sistens
1480 998 1550 1026 sella
1589 997 1738 1025 levaretur.

171 1043 232 1072 Ubi
253 1044 356 1071 sistens
378 1051 441 1071 non
462 1047 547 1070 recte
569 1040 720 1079 explicari
742 1039 844 1070 video.
888 1039 1005 1070 Volunt
1028 1040 1110 1068 enim
1133 1039 1263 1079 simplex
1285 1049 1351 1069 esse
1373 1039 1511 1078 positum
1533 1049 1592 1078 pro
1611 1043 1740 1075 compo-

174 1084 244 1124 sito,
277 1089 312 1113 ut
332 1083 371 1113 sit
393 1084 534 1112 resistens.
578 1080 673 1125 Quod
697 1087 726 1111 et
747 1080 815 1110 fieri
838 1080 964 1109 omnino
994 1090 1088 1120 posse
1112 1091 1204 1121 nego,
1234 1086 1265 1109 et
1286 1080 1339 1110 hie
1362 1080 1432 1110 fieri
1455 1091 1517 1110 non
1535 1079 1637 1117 debet,
1666 1076 1740 1118 quia

174 1126 306 1155 alienam
326 1124 533 1153 nanciscimur
557 1133 572 1152 a
595 1122 697 1151 Taciti
720 1129 822 1152 mente
848 1122 1044 1151 sententiam.
1092 1122 1204 1151 Sistens
1227 1128 1275 1151 est
1298 1122 1401 1161 potius
1424 1132 1454 1151 se
1476 1123 1597 1159 sistens,
1619 1119 1741 1148 stabilis.

174 1167 254 1196 Nam
282 1166 335 1194 ille
360 1164 490 1194 infirmis
512 1164 653 1204 podagra
674 1163 804 1204 pedibus
827 1156 978 1205 (corpore)
1001 1169 1032 1192 et
1054 1171 1214 1193 senectute
1234 1163 1330 1193 sessus
1354 1162 1475 1205 (aetate)
1497 1169 1586 1192 recto
1611 1160 1674 1191 talo
1697 1159 1742 1189 in-

176 1208 299 1246 cedere,
319 1213 400 1236 stare
422 1217 483 1236 non
506 1211 641 1245 poterat.
1726 1212 1728 1214 v

325 1259 434 1297 Capite
455 1258 568 1287 iterum
591 1256 745 1296 proximo,
773 1255 823 1295 36,
850 1255 925 1290 dum
956 1255 1211 1285 consuetudinem
1243 1254 1344 1284 acrius
1369 1254 1557 1290 consultant,
1590 1252 1742 1292 optimam

178 1300 294 1330 codicis
315 1300 484 1328 lectionem
513 1297 780 1338 proturbaverunt
802 1297 1034 1327 restituendam.
1078 1297 1245 1325 Exercitus
1269 1296 1365 1325 ardor
1387 1296 1517 1325 inrnavae
1539 1293 1623 1335 plebi
1645 1303 1743 1334 oppo-

177 1342 274 1371 nitur:
315 1341 445 1379 Strepere
471 1348 571 1369 cuncta
595 1340 769 1368 clamoribus
795 1347 821 1368 et
846 1339 971 1368 tmntzltt't
999 1346 1025 1367 et
1055 1339 1256 1367 exhortatione
1284 1319 1417 1378 mutua:³
1435 1348 1509 1372 non,
1544 1344 1685 1374 tanquam
1713 1344 1743 1364 ιη

173 1384 286 1423 populo
308 1393 341 1412 ac
358 1383 448 1421 plebe,
471 1383 557 1410 variis
577 1382 658 1418 segni
678 1381 843 1409 adulatione
856 1381 981 1417 vocibus,
1003 1381 1054 1408 sed
1066 1388 1096 1408 itt
1117 1390 1257 1418 quemque
1280 1379 1464 1419 affluentittm
1482 1377 1743 1415 rnilitum'aspexe-

178 1432 253 1461 rant,
271 1433 449 1463 pressare
470 1423 612 1458 manibus,
636 1423 786 1460 complecti
801 1423 901 1460 armis,
923 1422 1063 1451 collocare
1078 1423 1171 1457 insta,
1193 1427 1253 1449 etc.
1270 1430 1407 1458 prensare
1420 1420 1554 1449 manibus
1569 1418 1745 1458 corrigunt,

179 1471 212 1495 ut
240 1464 477 1494 candidatorum
504 1464 652 1493 duntaxat
680 1473 835 1492 memores
866 1463 974 1499 simus,
1005 1468 1037 1491 et
1066 1462 1155 1503 quasi
1181 1473 1242 1492 n-on
1272 1461 1354 1490 istud
1377 1471 1512 1500 pressare
1540 1467 1571 1490 et
1593 1459 1745 1499 complecti

179 1509 270 1537 armis
292 1513 322 1536 et
344 1512 449 1536 cetera
471 1505 574 1534 onmia
596 1505 663 1544 ipsa
685 1504 775 1535 nobis
798 1504 931 1533 militum
954 1504 1049 1533 sortia
1071 1509 1203 1544 pectora
1226 1503 1408 1544 depingant.

329 1559 363 1587 In
392 1558 493 1598 capite
515 1558 564 1588 37.
584 1557 714 1587 liberius
737 1557 813 1586 mihi
847 1557 888 1586 ita
916 1557 1035 1596 corrigi
1061 1555 1197 1585 videtur:
1232 1566 1305 1594 qnae
1331 1563 1456 1594 usquam
1482 1555 1642 1593 provincia,
1672 1563 1746 1592 qliae

181 1608 276 1630 castra
303 1607 367 1629 sunt
396 1601 451 1628 nisi
478 1606 593 1628 cruenta
622 1607 648 1628 et
675 1597 842 1628 maculata?
877 1609 947 1627 nam
977 1598 1047 1627 cod.
1077 1597 1170 1627 habet
1197 1598 1226 1626 in
1254 1598 1366 1625 castris.
1409 1594 1500 1624 Unde
1527 1594 1671 1635 proclive
1699 1599 1747 1624 est

181 1647 303 1683 putare,
325 1647 396 1680 post
417 1650 546 1680 usquam
567 1641 596 1668 in
619 1640 784 1678 excidisse,
804 1646 835 1669 ut
849 1639 1040 1668 scribamus:
1062 1649 1134 1677 quae
1150 1648 1275 1676 usquam
1289 1639 1317 1666 in
1325 1638 1487 1676 provincia,
1505 1637 1619 1675 quaein
1633 1636 1746 1666 castris.

183 1683 288 1723 Atque
311 1682 402 1722 plena
425 1682 501 1711 haec
524 1681 620 1710 verba
644 1682 692 1710 ed.
706 1681 787 1721 Spir.
810 1680 943 1710 exhibet.
988 1681 1135 1710 Fortasse
1155 1679 1187 1708 id
1210 1679 1311 1708 obfuit
1333 1678 1468 1715 veritati,
1490 1677 1575 1718 quod
1592 1677 1747 1716 provincia

184 1733 245 1763 pro
267 1724 424 1762 provinciis
452 1723 556 1752 rarior
583 1729 640 1752 est.
690 1723 753 1752 Sed
775 1722 882 1752 eadem
904 1721 970 1752 fere
992 1721 1083 1758 ratio,
1106 1731 1207 1762 neque
1229 1721 1330 1750 minus
1352 1730 1408 1760 per
1431 1724 1633 1748 correctores
1656 1717 1746 1748 nobis

186 1771 309 1804 erepta,
337 1764 477 1793 occurrit
498 1764 529 1793 in
553 1773 619 1803 cap.
639 1763 697 1794 76:
733 1764 829 1794 Simul
851 1763 1002 1803 Aegyptus
1026 1764 1177 1801 omnisque
1199 1772 1279 1791 versa
1303 1763 1331 1790 in
1359 1760 1507 1791 Orientem
1524 1760 1677 1799 provincia
1697 1769 1747 1789 no—

186 1807 263 1835 mine
295 1807 354 1835 eius
382 1807 537 1835 tenebatur.
586 1805 638 1834 Sic
661 1805 743 1834 enim
766 1804 879 1843 codex,
912 1805 970 1834 nisi
993 1804 1079 1845 quod
1103 1802 1359 1834 contrario-*vitio
1383 1802 1433 1830 hic
1455 1801 1551 1831 habet
1573 1810 1686 1830 versam
1707 1801 1747 1837 in,

187 1846 345 1886 duplicata
368 1856 464 1886 prave
491 1847 579 1876 litera
605 1856 649 1884 m,
682 1857 776 1887 quam
802 1857 895 1886 supra
922 1846 1057 1875 alteram
1085 1845 1242 1874 omiserat.
1292 1844 1396 1885 Vulgo
1425 1842 1568 1873 scribunt
1592 1851 1748 1882 omnesque

188 1897 284 1918 versae
306 1894 365 1918 etc.

337 1940 372 1968 In
395 1939 498 1978 capite
519 1939 568 1970 38.
586 1938 810 1969 rescribimus:
838 1939 971 1978 Vidistis,
991 1937 1213 1975 commilitones,
1239 1936 1361 1966 notabili
1382 1942 1551 1974 tempestate
1571 1935 1661 1966 etiam
1679 1935 1750 1965 deos

191 1981 351 2018 infaustam
371 1982 557 2019 adoptionem
579 1982 834 2010 adversantes.
876 1981 954 2009 Erat
977 1979 1133 2021 quondam
1155 1978 1402 2018 Scafigerorum,
1429 1976 1608 2017 Muretique
1628 1983 1750 2016 tempo—

190 2020 276 2050 ribus
300 2031 336 2050 ea
358 2021 586 2062 ingeniosorum
608 2022 769 2050 hominum
791 2020 904 2056 libido,
936 2027 984 2061 ut,
1016 2021 1088 2061 quia
1111 2030 1228 2049 aversus
1250 2029 1345 2059 saepe
1369 2024 1505 2047 cesserat
1525 2020 1662 2054 adverso,
1683 2016 1750 2046 ubi-

193 2070 318 2102 cunque
338 2062 370 2091 id
393 2063 496 2103 aliquo
521 2063 616 2093 modo
637 2062 708 2092 fieri
729 2068 847 2102 posset,
874 2061 951 2091 illud
980 2062 1071 2091 huius
1093 2061 1125 2090 in
1147 2062 1248 2091 vicem
1272 2060 1466 2100 reciperent;
1492 2059 1600 2100 itaque
1616 2058 1667 2089 vel
1687 2058 1750 2096 hic,

192 2101 248 2132 ubi
268 2111 430 2137 aversantes
450 2104 526 2136 deos
548 2104 648 2134 multo
669 2103 772 2133 minus
793 2103 954 2142 habemus,
975 2114 1071 2144 quam
1090 2103 1283 2143 adversantes,
1305 2107 1408 2131 tamen
1429 2101 1502 2130 illos
1522 2100 1572 2130 his
1592 2099 1750 2141 praetule-
