1794 2318
771 163 824 170 -,
904 139 960 176 24.
1036 162 1088 169 .-

135 247 190 276 Sin
205 246 324 276 addere
338 255 449 275 nomen
467 245 628 280 voluisset,
644 255 703 284 pro
720 244 845 285 egregio
863 244 982 284 patriae
994 244 1107 280 studio,
1124 239 1268 274 omnibus
1283 245 1492 286 scriptoribus
1501 247 1662 285 Romanis,
1677 266 1718 272 ——

135 299 228 329 quam
254 288 369 317 vellem
394 287 487 316 etiam
511 286 642 316 nostris!
673 304 713 309 —
738 287 908 325 communi,
938 286 1075 323 dixisset,
1100 293 1185 325 puto.
1210 287 1368 317 nostris.
1412 288 1480 317 Illic
1501 295 1633 326 tantum,
1662 289 1717 320 ubi

134 331 276 359 dcentes
300 330 403 358 hostes
428 329 559 365 inducit,
589 335 622 357 ut
645 328 817 357 dramatica
843 328 889 357 vis
914 328 1058 366 postulat,
1088 329 1247 358 Romanos
1263 335 1357 358 vocat
1369 339 1452 358 suos.
1468 331 1562 360 veluti
1579 332 1715 368 1V.,34.:

134 373 349 411 „Tentaverat
372 370 497 399 interim
521 369 628 399 Civilis
651 369 850 399 obsessorum
882 369 1018 404 animos,
1057 375 1204 410 tanquam
1235 371 1378 409 perditae
1406 371 1488 410 apud
1518 373 1716 403 Romanos

134 423 195 448 res,
218 419 249 442 et
271 413 353 441 suis
377 412 507 441 victoria
532 412 762 451 provenissetst‘
809 411 854 445 Id,
878 417 963 450 puto,
988 411 1018 439 in
1042 421 1132 440 causa
1156 410 1224 445 suit.
1249 418 1282 441 ut
1294 412 1432 441 dativum
1450 413 1533 442 hunc
1557 414 1716 454 adderent,

137 453 236 495 quod,
273 454 299 483 si
329 453 430 482 minus
462 453 649 482 sententiae.
685 454 798 482 deesse
827 452 963 481 orationi
992 452 1111 493 aliquid
1142 452 1316 482 videbatur.
1368 453 1430 482 Sed
1456 455 1515 483 vim
1540 455 1716 486 verborum

134 502 293 530 aucturus,
322 504 417 534 saepe
448 495 491 523 sic
524 494 682 534 loquitur;
713 495 811 524 veluti
834 494 910 534 ipsis
935 493 1037 523 verbis
1061 494 1224 533 proximis,
1252 501 1432 535 7,terrorum
1455 496 1606 526 faciunt.“
1648 497 1717 527 Nisi

134 537 220 577 quod
248 537 328 574 illic,
361 536 413 565 ubi
445 537 567 575 longius
597 535 748 567 dilatatur
777 535 896 575 oratio,
929 536 1030 564 minus
1057 535 1191 564 sentitur
1221 547 1315 577 quam
1343 535 1412 575 hic,
1446 537 1500 566 ubi
1528 538 1716 569 brevitatem

132 578 271 608 studiose
292 584 438 607 sectatur.

284 641 391 672 nist.
416 641 488 671 lv.
516 649 549 670 (⁸.
573 640 642 672 3?-
690 639 932 677 „Discesserunt
954 638 1137 669 obsessores
1163 657 1204 662 -—
1229 640 1369 670 satietate
1397 641 1537 681 praedae
1561 651 1621 671 nec
1655 642 1714 672 in-

133 682 371 711 cruentati.“
414 682 468 710 Sic
490 692 528 712 ex
550 682 628 712 vitio
653 682 733 719 cod,
753 681 1020 716 incruentari,
1050 681 1156 710 malim
1179 691 1250 712 cum
1272 681 1381 722 Lipsio
1406 682 1587 723 corrigere,
1617 694 1712 725 quam

134 733 205 752 cum
228 724 295 752 aliis
320 735 358 753 cx
381 723 470 753 libris
494 724 686 764 interpolatis
709 723 863 762 scribere,
886 722 1103 752 incruenti.

284 787 392 818 nist.
415 787 488 817 lv.
511 796 545 817 ο.
570 785 644 818 38.
688 787 736 824 „Is
761 784 981 824 proconsul
1005 784 1210 824 provincia&
1239 785 1345 814 malim
1369 795 1439 815 cum
1463 787 1524 816 Iac.
1549 786 1714 818 Gronovio

133 827 211 866 (sed,
230 827 501 867 proconsule)
533 838 627 869 quam
651 837 722 857 cuin
747 827 958 866 interpolatis,
990 826 1015 855 is
1045 832 1252 865 praeerat.
1296 828 1375 856 Nam
1407 828 1477 857 cod.
1507 835 1538 858 et
1555 828 1610 861 ed.
1630 829 1714 869 Spir.

134 879 204 897 eum
229 869 305 902 aliis,
330 870 357 898 is
380 865 633 909 provinciae,
663 880 724 898 om.
749 878 855 909 pree.
900 868 984 896 llinc
1007 867 1138 897 verbum
1169 868 1214 897 illi
1238 867 1310 897 libri
1341 868 1372 897 id
1401 869 1598 907 addiderunt,
1628 870 1713 912 quod

133 910 282 940 facillime
306 911 335 940 in
360 918 497 941 mentem
523 912 615 949 venit,
637 922 698 940 non
723 910 810 950 quod
834 910 989 939 excidisse
1013 909 1144 939 maxime
1167 909 1337 949 probabile
1361 916 1419 940 est.

286 974 394 1006 nist.
423 974 497 1004 lv.
533 982 568 1004 (·.
603 972 679 1005 41.
733 973 912 1013 „Regulum
947 971 1099 1002 subversa
1130 972 1315 1001 Crassorum
1349 979 1378 1001 et
1409 972 1506 1002 Orfiti
1537 972 1649 1004 domus
1683 974 1714 1004 in

132 1024 289 1044 summum
313 1016 420 1045 odium
445 1016 609 1045 extulerat.
654 1015 775 1055 Sponte
805 1024 841 1043 ex
864 1014 896 1043 S.
921 1015 954 1043 C.
985 1014 1280 1043 accusationem
1310 1013 1434 1044 subisse
1459 1014 1581 1045 iuvenis
1608 1015 1714 1046 admo-

132 1057 216 1092 dum,
238 1067 297 1086 nec
321 1057 497 1097 depellendi
520 1056 665 1097 periculi,
687 1056 742 1085 sed
766 1056 796 1084 in
819 1066 907 1095 spem
929 1055 1088 1095 potentiae
1113 1055 1309 1084 videbatur.⁴‘

283 1119 440 1149 Vitiosum
464 1119 546 1148 hunc
571 1119 675 1147 locum
698 1128 767 1147 esse
789 1118 943 1147 assentior
965 1116 1119 1152 omnibus,
1142 1117 1198 1147 sed
1213 1113 1283 1146 'non
1307 1123 1394 1147 recta
1417 1117 1467 1147 via
1484 1117 1523 1146 ad
1541 1118 1714 1148 correctio-

130 1170 202 1189 nem
226 1160 264 1189 iri
287 1172 349 1190 non
374 1161 474 1189 minus
498 1167 619 1190 certum
644 1166 699 1189 est.
742 1159 821 1188 Nam
845 1165 964 1189 tantum
989 1169 1051 1188 non
1074 1168 1182 1189 omnes
1205 1158 1284 1188 S.C.
1308 1158 1461 1188 inducunt
1475 1159 1524 1189 vel
1540 1159 1713 1200 corrigunt.

132 1201 222 1245 Quae
250 1202 325 1231 mihi
354 1203 521 1232 admodum
551 1201 703 1231 invidiosa
734 1211 786 1230 res
814 1211 884 1231 esse
914 1200 1048 1229 videtur.
1097 1200 1176 1229 Nam
1206 1211 1303 1241 quum
1333 1200 1458 1229 aliunde
1480 1212 1540 1231 non
1564 1203 1714 1241 norimus,

99 1245 102 1248 ⁴
130 1249 235 1272 utrum
259 1253 297 1272 ex
321 1244 352 1272 S.
377 1245 410 1273 C.
434 1245 566 1273 Crassus
590 1249 752 1272 accusatus
775 1243 815 1272 sit
835 1253 905 1279 nec,
944 1253 1005 1282 quo
1033 1242 1101 1271 iure
1131 1252 1169 1271 ex
1194 1251 1232 1271 eo
1260 1252 1322 1271 uno
1351 1242 1421 1272 loco
1451 1242 1482 1271 id
1512 1242 1713 1282 depellimus,

131 1295 194 1325 quo
219 1284 393 1315 docemur?
436 1285 628 1315 Praesertim
650 1295 721 1313 cum
745 1296 806 1314 non
831 1284 926 1313 modo
949 1293 1045 1323 saepe
1076 1283 1163 1312 multi
1193 1294 1230 1313 ex
1253 1283 1284 1312 S.
1308 1283 1342 1313 C.
1371 1283 1417 1312 rei
1448 1284 1528 1313 facti.
1547 1286 1622 1320 sint,
1655 1283 1712 1314 sed

131 1325 182 1355 hic
206 1327 292 1356 locus
315 1328 382 1366 ipse
405 1327 553 1356 indicium
577 1327 607 1355 in
631 1336 664 1355 se
688 1326 807 1354 clarum
839 1326 1013 1362 contineat,
1050 1325 1196 1354 Crassum
1229 1334 1297 1354 esse
1327 1336 1343 1354 a
1366 1325 1483 1354 Senatu
1510 1325 1711 1365 postulatum.

131 1369 210 1397 Nam
239 1368 352 1397 subit
380 1369 521 1408 Regulus
551 1366 793 1396 accusationem.
837 1366 950 1396 Subire
971 1376 1049 1396 vero
1073 1377 1132 1396 non
1159 1376 1225 1396 eam
1254 1377 1319 1396 rem
1348 1366 1496 1403 dicimur,
1533 1367 1620 1396 cuius
1650 1366 1711 1407 ipsi

131 1417 272 1440 auctores
295 1420 411 1444 sumus,
434 1409 485 1439 sed
511 1420 605 1449 quam
629 1408 667 1437 ab
691 1408 756 1437 aliis
780 1414 941 1447 repertam
965 1413 1078 1447 sponte
1102 1408 1148 1437 vel
1172 1407 1273 1437 coacti
1296 1407 1476 1446 recipimus.
1520 1409 1626 1449 Atque
1649 1419 1711 1449 qua

132 1452 181 1482 via
206 1451 244 1480 ad
269 1462 377 1481 verum
402 1451 536 1480 eundum
559 1451 614 1488 sit,
644 1450 713 1480 cod.
737 1449 939 1484 demonstrat,
968 1449 1021 1490 qui
1044 1460 1116 1483 non,
1146 1455 1181 1477 ut
1201 1449 1384 1488 interpolati
1407 1450 1710 1480 accusationem

131 1493 239 1528 habet,
262 1492 327 1528 sed,
350 1499 383 1521 ut
398 1493 493 1522 Furia
508 1499 605 1526 notat,
629 1491 847 1520 accusatio.
890 1491 972 1519 Hinc
987 1490 1164 1530 corrigam:
1186 1490 1336 1530 „Sponte,
1359 1500 1396 1519 ex
1413 1491 1443 1520 S.
1458 1491 1492 1520 C.
1508 1496 1711 1532 accusato,

131 1534 253 1564 subisse
276 1552 314 1557 -—
337 1534 367 1562 in
391 1544 478 1574 spem
502 1533 661 1573 potentiae
682 1532 883 1562 videbatur.⁴⁴
927 1532 1029 1572 Saepe
1054 1532 1199 1561 similiter
1219 1531 1288 1561 cod.
1312 1540 1431 1571 peccat,
1466 1532 1551 1562 velut
1573 1533 1620 1573 11.,
1642 1531 1708 1564 99.:

132 1587 187 1606 seu
216 1575 378 1615 perfidiam
409 1575 616 1606 meditatio
653 1574 729 1615 (non
761 1574 969 1612 meditato)
1006 1572 1179 1614 infringere
1201 1571 1353 1603 'virtutem
1381 1573 1463 1602 inter
1493 1575 1577 1603 a'rtes
1606 1574 1710 1614 erat;“

131 1624 159 1648 et
181 1618 244 1653 IV„
274 1617 343 1648 2t).:
382 1617 565 1656 „ignavia
602 1620 681 1653 (non
709 1616 869 1655 ignava)
904 1615 959 1644 sed
984 1625 1103 1655 procax
1132 1616 1270 1644 manus.“
1317 1614 1538 1645 Ablativorum
1560 1615 1709 1645 similium

131 1659 334 1690 collectiones
357 1659 447 1687 multi
475 1659 685 1688 instituerunt.
738 1658 837 1686 Paulo
868 1657 980 1686 durior
1008 1657 1111 1685 oratio
1140 1663 1199 1694 est,
1234 1655 1304 1697 quia
1321 1656 1374 1686 'ob
1403 1663 1563 1686 accentum
1587 1656 1708 1687 rhetor.

131 1707 262 1741 sponte
286 1700 494 1740 praemissum
519 1707 573 1737 est,
599 1707 627 1729 et
649 1699 719 1740 quia
744 1699 783 1727 ad
812 1698 952 1728 subire
975 1698 1167 1727 accusativus
1190 1704 1295 1726 mente
1318 1697 1481 1727 addendus
1504 1704 1558 1728 est.
1601 1699 1708 1739 Itaque

132 1749 225 1772 eruut
252 1742 401 1780 fortasse,
433 1742 485 1782 qui
515 1741 776 1780 interpretatione
803 1748 833 1770 et
855 1739 1029 1769 verborum
1053 1739 1208 1768 divisione
1232 1739 1340 1768 eadem
1365 1740 1523 1779 vulgatam
1545 1746 1707 1779 tueantur3

130 1795 193 1814 non
222 1794 292 1824 ego.
341 1784 420 1812 Nam
450 1783 559 1813 durior
588 1789 617 1813 et
644 1782 746 1811 minus
777 1792 816 1811 ex
837 1781 939 1812 Taciti
967 1792 1057 1811 more
1085 1780 1168 1811 facta
1196 1780 1271 1811 haec
1300 1780 1376 1810 mihi
1402 1791 1495 1822 quam
1523 1780 1577 1810 illa
1604 1781 1707 1811 oratio

128 1825 259 1855 videtur.

280 1887 393 1918 lbid.
442 1886 540 1924 „Cum
579 1896 617 1914 ex
646 1884 757 1915 sunere
789 1883 986 1924 reipublicae
1019 1884 1117 1924 raptis
1144 1882 1362 1914 consularibus
1390 1883 1500 1923 spoliis
1527 1883 1706 1926 septuagies

130 1929 273 1959 sestertio
296 1931 471 1968 signatus
495 1935 525 1957 et
548 1927 667 1968 fulgens
691 1926 870 1956 sacerdotio
891 1944 933 1949 —
955 1926 1094 1956 illustres
1116 1936 1206 1955 senes
1228 1943 1269 1948 —
1291 1926 1541 1965 prosterneres.“

280 1990 431 2030 Plerique
454 1990 612 2018 Fam-num
635 1988 777 2025 audiunt,
805 1999 821 2016 a
845 1998 908 2028 quo
936 1987 1132 2027 „septuagies
1163 1987 1309 2017 sestertio
1336 1986 1541 2027 saginatus
1564 1987 1705 2028 Regulus

130 2034 276 2063 inventus
307 2038 364 2062 est.
414 2031 473 2061 Sed
499 2041 690 2071 quamquam
721 2040 758 2069 „e
785 2028 894 2059 sunere
924 2035 1014 2069 rapta
1043 2028 1219 2058 consularia
1245 2028 1365 2068 spoliar‘
1397 2028 1474 2057 illue
1500 2038 1559 2058 nos
1589 2028 1706 2058 ducere

129 2081 278 2114 possunt,
312 2080 344 2103 ut
374 2073 443 2101 auri
471 2083 590 2101 sacram
622 2071 733 2101 famem
763 2071 792 2100 in
823 2071 948 2112 Regulo
976 2080 1048 2099 cum
1077 2077 1113 2100 ea
1142 2069 1352 2099 samilicorum
1383 2069 1508 2099 natione
1528 2068 1706 2109 comparari

130 2123 294 2155 putemus,
324 2115 375 2155 qui
401 2114 438 2143 de
459 2123 539 2153 rogo
564 2113 685 2151 vivunt3
717 2118 840 2148 tamen,
878 2120 910 2143 ut
933 2111 1125 2152 significasse
1148 2112 1207 2142 tale
1230 2111 1348 2152 aliquid
1370 2112 1535 2141 Montanus
1558 2110 1707 2149 voluerit,

129 2158 172 2187 ita
192 2167 257 2187 rem
281 2157 372 2197 plane
395 2155 546 2196 proloqui
567 2154 765 2185 comoediam
786 2153 885 2194 magis
905 2153 1057 2192 decuerit,
1082 2163 1174 2195 quam
1188 2160 1314 2194 patrum
1329 2152 1513 2195 dignitatem
1530 2152 1708 2191 etcuriam3
