1794 2318
759 118 811 124 -.
888 97 915 132 6
993 118 1045 125 ...-

115 207 247 248 primam
268 203 421 244 legionem
444 201 483 230 in
507 200 644 229 dextra
668 197 805 229 fronte
827 198 942 235 fuisse,
973 199 1060 240 quod
1082 199 1167 231 haud
1192 202 1287 241 pauci
1309 202 1499 243 interpretes
1521 213 1584 233 non
1606 209 1693 236 recte

117 253 277 289 ceperunt.
321 243 468 285 Sequitur
495 251 579 280 vero,
615 247 648 270 ut
671 240 821 271 vexillum
844 241 956 270 tertiae
977 241 1111 282 legionis
1134 243 1166 272 in
1191 243 1297 274 fronte
1324 244 1448 275 sinistra
1478 245 1527 282 sit,
1563 245 1595 275 in
1623 255 1693 277 cor·

114 291 214 321 nubus
244 286 392 319 cohortes
419 284 585 315 auxiliares
615 289 647 312 et
675 283 804 324 equites.
847 284 926 313 Eam
957 282 1073 312 deinde
1102 282 1238 316 frontem
1266 286 1426 327 legionum
1455 286 1580 318 nomine
1609 297 1694 317 com-

116 331 290 374 prehendit.
988 366 994 372 ,
1032 366 1038 372 ,

265 372 409 400 Ceterum
439 377 533 409 cap.
563 366 634 400 24.
664 376 735 396 cum
765 365 835 396 cod.
869 366 1109 403 „ferocissimos
1146 368 1395 399 auxiliaros“
1430 375 1462 399 et
1487 369 1526 399 ab
1556 369 1625 400 ead.
1654 380 1695 400 m.

118 425 201 446 corr.
220 412 532 443 auxiliariorum
556 408 710 445 exhibeat,
733 408 812 438 haec
836 407 938 438 forma
961 408 1043 438 haud
1067 407 1161 439 dubie
1182 410 1362 450 recipienda
1387 411 1456 441 erit.

268 465 375 495 nist.
404 465 465 495 ΙΙ.
496 471 530 493 e.
559 462 626 492 26.
671 461 844 497 „Timuisse
872 471 906 491 se
936 461 1087 490 Paulinus
1119 459 1246 491 terebat
1273 468 1394 492 tantum
1424 463 1553 503 insuper
1580 463 1696 495 laboris

119 515 211 549 atque
225 506 353 541 itineris,
376 515 414 534 ne
430 504 615 534 Vitellianus
636 503 726 532 miles
744 513 858 533 recens
875 514 892 533 e
910 503 1018 533 castris
1033 502 1134 532 sessos
1148 502 1382 544 adgrederetur
1395 510 1424 534 et
1445 505 1698 545 periculosis

119 551 237 580 nullum
260 555 346 577 retro
370 546 542 575 subsidium
568 545 681 574 foret.“

269 589 456 627 Corrignnt,
493 586 703 627 perculsis.
754 585 817 615 Sed
849 585 970 626 quoties
998 584 1037 614 ab
1066 584 1248 614 hominibus
1276 585 1315 615 ad
1345 595 1396 616 res
1424 587 1576 618 transitur
1606 593 1637 617 et
1659 586 1698 617 ab

121 633 186 663 aliis
215 638 247 662 et
277 642 292 660 a
323 630 444 659 Tacito.
496 629 557 657 Hic
587 638 662 657 vero
690 638 728 656 eo
757 627 931 667 proclivius
961 633 1028 656 erat
1058 626 1097 655 ad
1127 627 1308 665 periculosa
1331 628 1449 664 redire,
1471 629 1543 670 quia
1568 640 1584 659 a
1606 629 1701 659 simili

121 675 262 706 oratione
285 670 473 708 (leilexerat3
496 670 644 699 timuerat
666 669 749 698 enim
772 669 922 697 Paulinus
946 675 1084 707 „tantum
1109 667 1257 698 laboris.“

271 724 380 754 nist.
416 724 476 754 11.
513 730 547 752 e.
577 720 648 752 2?-
703 720 816 759 „Haud
853 720 1023 760 proinde
1058 719 1091 748 id
1125 719 1274 750 damnum
1302 720 1491 753 Vitellianos
1521 722 1553 750 in
1584 726 1728 751 metumr

123 767 283 808 compulit,
306 774 401 805 qnam
425 765 456 792 in
479 763 667 792 modestiam
691 763 899 802 composuit&

272 810 298 837 E
319 805 546 836 consuetudine
566 804 752 844 proinde,
773 803 858 844 quod
881 802 951 832 cod.
968 801 1071 838 habet,
1093 808 1215 832 mutant
1231 802 1261 831 in
1284 802 1455 843 perinde.
1500 804 1576 833 Sine
1591 812 1701 836 causa:

123 852 191 880 Non
215 856 324 888 metus7
347 847 400 876 sed
426 847 580 876 modestia
604 846 718 874 damno
741 844 967 885 respondebat.
1011 846 1080 873 Non
1103 845 1202 873 minus
1226 845 1395 883 proinde
1418 845 1528 876 Tacito
1551 845 1599 875 his
1622 845 1704 875 locis

123 891 300 922 reddenda:
326 899 359 920 c.
381 888 471 920 35:
493 890 555 919 Nec
579 887 712 928 proinde
735 893 879 916 nutantes
903 896 918 916 e
941 885 1083 921 navibus,
1105 896 1197 926 quam
1213 885 1316 915 stabili
1334 885 1435 925 gradu
1455 897 1471 916 e
1487 887 1554 927 ripa
1573 887 1704 918 volnera

125 933 318 973 dirigebant3
362 939 398 962 e.
427 929 513 961 39³
546 930 613 958 Nec
638 928 773 969 proinde
802 927 971 957 diiudicari
1008 933 1111 966 potest
1146 927 1222 968 quid
1255 928 1407 967 optimum
1444 928 1562 958 {actum
1597 927 1705 959 fuerit.

125 977 203 1013 Nam
217 975 323 1004 factu
334 984 363 1002 m
379 981 505 1013 quoque
515 982 575 1001 non
586 971 776 1010 eripiemus;
791 970 921 1007 malunt,
936 968 1057 998 sactu.
1076 970 1175 1004 111„
1185 967 1269 1001 5S.:
1282 969 1374 998 Haud
1384 970 1519 1009 proinde
1529 970 1704 1007 Vitellium,

127 1027 218 1058 quam
248 1026 354 1044 casum
385 1015 555 1054 locumque
585 1013 776 1052 principatus
806 1010 1049 1041 miserabantur.
1102 1011 1187 1051 lv„
1219 1011 1301 1042 52:
1347 1011 1418 1041 Non
1448 1012 1601 1052 legiones,
1642 1021 1705 1041 non

128 1059 241 1088 classes
264 1056 398 1096 proinde
424 1055 514 1084 lirina
539 1055 747 1092 munimenta,
777 1063 869 1094 quam
894 1063 1060 1082 numerum
1083 1052 1271 1082 liberorum.
1314 1053 1398 1091 lv„
1427 1053 1512 1085 72.:
1546 1053 1610 1084 Nec
1632 1063 1707 1094 pro-

128 1100 200 1129 inde
222 1098 400 1138 periculum
426 1103 478 1124 aut
500 1103 610 1130 metus,
633 1106 726 1135 quam
750 1094 863 1133 pudor.

280 1139 389 1169 nist.
422 1139 481 1169 ΙΙ.
516 1146 550 1167 (·.
579 1137 646 1167 29.
699 1138 800 1174 „Tum
822 1134 956 1164 Alfenus
985 1133 1072 1164 addit
1103 1135 1285 1174 consilium,
1318 1135 1424 1167 vetitis
1447 1135 1564 1166 obire
1585 1135 1707 1175 vigilias

130 1180 395 1212 centui·ionibns.“

279 1222 452 1250 Memoratu
468 1220 597 1259 dignum
612 1224 668 1254 est,
690 1218 720 1247 in
741 1217 812 1247 cod.
832 1217 884 1247 hic
903 1217 942 1246 ab
958 1218 1068 1248 eadem
1083 1228 1178 1247 manu
1199 1217 1273 1247 addi
1294 1218 1325 1248 in
1349 1218 1492 1260 margine
1515 1218 1707 1248 circuire.

131 1265 335 1303 Plerumque,
359 1271 435 1302 quae
457 1261 498 1290 ita
523 1260 749 1289 adscribuntur
770 1259 979 1299 praeferenda
1002 1260 1032 1288 in
1056 1259 1119 1289 hoc
1142 1259 1224 1289 libro
1246 1260 1383 1290 inductis
1406 1260 1524 1290 verbis.

283 1315 391 1345 nist.
414 1315 473 1345 11.
496 1322 530 1343 c.
554 1311 628 1344 33.
679 1311 797 1348 „Iidem
826 1311 871 1340 illi
894 1318 1040 1341 auctores
1064 1312 1226 1351 pepulere,
1252 1318 1287 1341 ut
1309 1311 1487 1341 Brixellum
1510 1311 1710 1352 concederet,

134 1368 170 1388 ac
190 1357 291 1386 dubiis
314 1355 503 1395 praeliorum
527 1359 690 1393 exemptus
715 1363 897 1382 summam
921 1363 1027 1382 rerum
1051 1359 1083 1382 et
1105 1353 1237 1393 imperii,
1258 1363 1292 1382 se
1315 1353 1428 1393 ipsum,
1450 1353 1655 1383 reservaret.“

284 1398 395 1427 Mirum
422 1396 585 1434 profecto,
627 1394 711 1435 quod
740 1404 844 1435 neque
875 1394 994 1434 codici,
1033 1404 1134 1434 neque
1156 1395 1299 1425 Ernestio
1329 1405 1431 1435 neque
1453 1394 1572 1424 Bachio
1595 1404 1711 1434 parere

134 1439 261 1476 volunt,
300 1439 354 1479 qni
381 1437 496 1466 dudum
524 1436 808 1475 interpolationem,
837 1446 1029 1473 summae,
1057 1436 1246 1465 reiecerunt.
1302 1437 1407 1476 Ipsum
1438 1437 1519 1465 enim
1547 1435 1711 1467 Othonem

136 1491 287 1511 summam
306 1490 413 1509 rerum
434 1485 461 1508 et
481 1478 603 1517 imperii
621 1477 782 1517 appellant
802 1477 924 1508 consilii
942 1483 1097 1513 auctores,
1119 1477 1193 1518 „qui
1213 1477 1243 1506 in
1259 1477 1472 1507 adulationem
1485 1483 1712 1519 concesserant,

135 1533 173 1552 ne
196 1522 263 1563 quis
286 1521 411 1552 obviam
432 1521 478 1549 ire
501 1520 669 1549 sententiae
691 1518 850 1549 auderet.“
894 1519 926 1548 ld
951 1519 1040 1549 etiam
1066 1519 1128 1548 duo
1152 1519 1198 1548 illi
1227 1519 1287 1548 viri
1314 1518 1476 1557 viderunt,
1513 1518 1639 1559 ipsum
1665 1519 1711 1549 sic

135 1570 255 1594 tantum
278 1563 381 1592 locum
405 1573 493 1591 suum
517 1561 602 1597 tueri,
639 1561 663 1589 si
686 1561 861 1590 retineatur
883 1560 913 1589 id
938 1560 975 1590 ad
1000 1560 1086 1590 cuius
1105 1560 1347 1600 explicationem
1369 1559 1520 1591 addatur:
1556 1571 1710 1591 summam

136 1615 259 1642 rerum3
282 1604 370 1633 nihili
393 1609 496 1632 autem
520 1613 599 1639 esse,
621 1603 645 1632 si
669 1602 799 1641 scribas,
822 1612 995 1632 summae
1019 1612 1126 1631 rerum
1148 1611 1180 1631 se
1202 1601 1330 1641 ipsum
1352 1608 1539 1632 reservaret.

286 1656 398 1686 ibid.
441 1656 487 1690 .,1s
517 1655 634 1694 primus
665 1654 732 1683 dies
762 1653 957 1683 Othonianas
986 1659 1093 1692 partes
1121 1651 1250 1682 adflixit.
1305 1654 1450 1693 Namque
1479 1659 1511 1683 et
1539 1663 1611 1684 cum
1639 1653 1711 1694 ipso

136 1697 368 1739 praetoriarum
392 1696 570 1726 cohortium
594 1702 625 1724 et
647 1696 882 1735 speculatorum
906 1694 1114 1736 equitumque
1128 1694 1231 1724 valida
1251 1705 1360 1724 manus
1385 1694 1539 1733 discessit,
1561 1702 1590 1725 et
1609 1704 1713 1725 rema-

137 1739 278 1769 nentium
301 1739 418 1768 fractus
441 1738 571 1776 animus,
593 1738 717 1777 quando
741 1737 878 1777 suspecti
900 1736 1008 1775 duces,
1037 1742 1068 1765 et
1090 1736 1197 1765 ultro
1221 1735 1319 1775 Otho,
1348 1735 1399 1764 cui
1421 1737 1474 1765 uni
1493 1736 1576 1776 apud
1599 1737 1711 1767 milites

138 1781 226 1817 fides,
250 1781 321 1809 dum
346 1787 372 1809 et
395 1781 462 1819 ipse
484 1790 546 1807 non
570 1779 628 1807 nisi
652 1778 803 1808 militibus
828 1777 939 1817 credit,
961 1777 1095 1817 imperia
1112 1777 1143 1806 in
1166 1777 1289 1807 incerto
1310 1777 1513 1817 1·eliquerat.“

290 1822 365 1851 Cod.
381 1831 449 1850 cum
463 1820 545 1851 aliis:
572 1826 604 1849 et
617 1826 655 1849 ut
669 1819 766 1849 Otho.
810 1821 879 1860 Ego
891 1820 976 1848 illam
993 1829 1102 1849 vocem
1116 1818 1240 1848 solvens
1255 1825 1285 1847 et
1308 1818 1418 1848 ultro
1440 1818 1594 1858 scribere,
1616 1830 1710 1860 quam

140 1874 209 1893 cum
230 1863 296 1892 aliis
320 1862 545 1902 interpretibus
567 1871 719 1901 spernere
742 1861 847 1890 malni.
898 1862 977 1890 Eam
1001 1861 1083 1890 enim
1105 1859 1294 1899 particulam
1318 1859 1489 1889 desiderari
1513 1866 1633 1890 certum
1655 1867 1711 1891 est.

139 1906 217 1933 Nam
247 1905 339 1933 fracti
368 1911 439 1934 sunt
467 1903 599 1932 militum
623 1903 717 1932 animi
738 1909 769 1932 et
791 1902 875 1943 quod
899 1911 1045 1931 numerus
1075 1901 1249 1930 deminutus
1279 1907 1340 1936 est,
1379 1908 1409 1930 et
1439 1901 1522 1942 quod
1550 1907 1712 1942 suspectos

139 1946 296 1976 habebant
319 1946 425 1975 duces.
469 1945 531 1974 Sed
553 1945 666 1973 ducum
693 1944 818 1985 quidem
843 1943 925 1973 {aeta
948 1952 1047 1983 prave
1070 1942 1269 1971 aestimantes
1291 1947 1321 1971 et
1343 1942 1477 1979 occultis
1500 1942 1539 1972 ad
1554 1943 1713 1974 Othonem

140 1988 255 2017 nuntiis
291 1987 491 2016 criminantes
525 1986 634 2016 milites
668 1986 730 2015 iam
766 1995 834 2025 cap.
857 1986 906 2016 23.
930 1984 1106 2014 didicimus.
1149 1985 1232 2012 Tum
1252 1993 1330 2013 vero
1353 1993 1389 2012 ea
1413 1984 1528 2014 ducum
1550 1983 1714 2014 infirmitas

141 2030 247 2059 ultro
272 2029 309 2058 ab
334 2029 401 2067 ipso
425 2027 552 2058 Othone
576 2034 666 2057 aucta
690 2034 752 2066 est,
790 2026 863 2068 quia
884 2025 1036 2066 „imperia
1059 2025 1088 2054 in
1111 2025 1234 2055 incerto
1255 2024 1458 2065 1·elique1·at.“
1500 2027 1609 2067 Neque
1631 2025 1715 2055 enim

142 2070 244 2100 abiens
268 2071 304 2100 ad
330 2081 423 2099 unum
447 2080 481 2099 ac
506 2069 645 2110 dignum,
671 2076 706 2100 ut
728 2068 874 2106 debebat,
901 2068 1068 2108 imperium
1091 2066 1204 2097 detulit
1226 2065 1282 2107 (cf.
1305 2076 1332 2096 c.
1354 2066 1421 2104 39.)
1443 2066 1514 2109 quia
1542 2067 1630 2108 „ipse
1652 2077 1715 2098 non

142 2112 198 2142 nisi
221 2112 369 2142 militibus
393 2110 575 2141 credebat.“
