1794 2318
793 154 845 160 .-
923 130 950 166 4.
1030 152 1081 157 -..

159 233 252 263 tristia
272 238 341 260 exta
365 246 400 252 ——
418 226 575 268 praediscit.
597 243 633 248 -
665 224 743 254 Otho
770 241 790 244 Δ
827 225 866 253 ad
885 224 1047 252 miliarium
1066 232 1186 251 auream
1208 239 1248 244 —-
1264 222 1372 260 pergit.
1421 222 1471 250 Ibi
1491 229 1548 251 tres
1571 228 1598 250 et
1620 221 1723 258 viginti

158 273 349 313 speculatores
369 271 582 300 consalutatum
605 269 808 305 imperatorem
827 266 933 294 strictis
953 265 1139 293 mucronibus
1161 265 1285 302 rapiunt.
1337 262 1475 292 Totidem
1494 264 1593 302 ferme
1615 263 1723 292 milites

159 316 188 344 in
210 315 307 343 itinere
334 313 536 349 adgregantur,
562 310 612 338 alii
639 309 821 342 conscientia,
847 307 975 345 plerique
994 306 1146 343 miraculo,
1170 315 1246 344 pars
1269 305 1395 334 clamore
1419 313 1444 333 et
1464 305 1626 342 gladiis,
1650 313 1723 343 pars

159 356 281 393 silentio,
301 355 431 383 animum
453 362 489 381 ex
512 358 610 380 eventu
633 350 784 387 sumpturi.

307 419 358 448 Sic
382 417 507 458 quidem
527 425 608 445 nunc
632 414 727 444 verba
751 424 783 443 ea
808 419 911 443 notata
942 413 1073 453 (postero
1097 412 1212 453 iduum)
1242 412 1402 442 decurtata
1426 418 1505 441 sunt.
1549 412 1628 440 Nam
1651 419 1722 439 cum

160 462 271 498 codex,
291 468 410 499 postero
433 460 534 487 iduum
556 458 665 486 dierum
688 455 867 494 praeberet,
896 454 946 482 alii
970 454 1042 483 inde
1066 454 1194 492 syllaba,
1221 465 1286 483 ram
1315 454 1457 493 dempta,
1486 454 1530 482 die
1559 453 1604 481 usi
1633 457 1721 489 sunt3

160 504 210 533 alii
232 502 292 531 hoc
315 501 407 530 etiam
428 505 551 539 spreto,
579 504 688 537 utpote
713 508 772 526 non
795 496 921 534 Latino,
946 506 1036 524 omne
1059 496 1089 523 id
1113 506 1227 525 nomen
1252 495 1444 525 deleverunt.
1488 495 1558 523 Non
1582 503 1654 523 sane
1676 492 1722 521 illi

160 542 311 574 audiendi.
355 542 433 569 Nam
456 547 488 569 ut
511 550 526 568 a
550 538 781 578 simplicissimo
805 543 986 577 argumento
1017 536 1171 566 exordiar.
1214 537 1246 565 Si
1276 547 1358 566 nunc
1387 536 1426 565 de
1456 536 1563 564 iduum
1591 541 1722 574 postero

158 590 308 615 tractaret
328 583 464 620 Tacitus,
491 591 564 610 num
595 580 659 609 eins
683 580 742 609 dici
765 578 843 608 diem
874 580 974 617 ipsnin
1002 578 1231 618 insequentem,
1261 589 1322 618 qno
1350 577 1461 606 seditio
1485 577 1640 617 patefacta
1665 580 1723 612 est7

158 625 265 666 paucis
288 630 359 664 post
384 624 478 663 pleno
506 633 562 651 suo
590 621 716 650 nomine
745 619 929 650 induxisset,
958 627 1061 648 octavo
1092 621 1201 648 decimo
1231 620 1364 648 calendas
1389 618 1580 648 Februarias?
1609 617 1722 646 Nonne

159 666 295 704 dixisset,
313 665 461 694 PostridIe
485 665 544 692 eius
566 663 643 692 aiei?
658 662 720 690 Sed
743 661 821 690 haec
842 661 906 700 ipsa
930 661 1041 689 horum
1064 660 1182 690 dierum
1205 661 1345 690 vicinitas
1368 661 1509 699 proxima
1522 666 1550 689 et
1563 658 1722 688 continua-

159 707 201 736 tio
224 707 296 736 satis
320 706 520 741 demonstrat,
543 704 625 734 viros
649 703 759 732 doctos
780 703 861 731 alind
887 702 977 741 plane
1001 702 1110 741 egisse,
1136 712 1206 730 cnm
1226 702 1267 730 ita
1291 702 1442 731 sentirent
1465 707 1557 741 atque
1581 699 1724 740 corrige-

157 754 234 778 rent.
291 748 368 775 Nam
407 746 537 775 hoccine
572 755 685 785 quaeso
712 752 834 783 paratae
866 744 1015 772 seditionis
1045 751 1069 771 et
1098 744 1339 772 dissimulationis
1369 748 1589 782 argumentum
1618 742 1722 780 potest

158 798 235 824 esse,
257 788 339 828 quod
363 788 474 816 milites
497 794 578 815 nocte
600 786 659 813 iam
682 786 712 814 id
737 787 785 814 vel
812 786 914 813 facere
939 784 984 813 vel
1010 784 1145 813 reticere
1169 795 1230 813 non
1249 783 1451 820 verebantur,
1475 783 1559 824 qnod
1576 783 1721 822 proximo

157 831 257 859 statim
278 839 363 858 mane
385 834 473 857 erant
495 827 629 856 facturi?
656 827 761 867 Itaque
789 836 851 854 non
882 836 919 854 eo
948 826 998 853 die
1028 825 1058 853 id
1083 832 1185 854 actum
1209 835 1278 854 esse
1302 826 1412 865 potuit.
1457 827 1566 866 Neque
1591 823 1623 852 id
1645 823 1722 852 Sue-

156 870 258 899 tonius
281 869 418 907 tradidit,
446 864 632 898 Otlionis‘in
656 877 723 906 cap.
747 867 786 902 8.,
816 867 871 895 sed
894 867 995 895 statim
1019 872 1090 905 post
1113 866 1326 906 adoptionem:
1361 866 1481 895 Titlerat
1510 867 1626 895 animus
1650 871 1722 904 post

157 912 342 950 adoptionem
363 912 464 939 statim
485 918 580 938 castra
602 919 749 947 occupare,
770 916 993 946 coenantemque
1016 909 1043 936 iu
1064 908 1186 937 Palatio
1210 909 1339 937 Galbam
1360 909 1487 944 adgredi.
1530 908 1638 947 Itaque
1661 906 1721 934 iam

157 951 320 981 Ernestius
343 951 381 979 ad
403 960 473 979 eum
496 951 600 979 locum
622 957 763 978 nostruin
786 949 939 988 relingere
962 949 1073 987 cnpii13
1098 949 1152 978 scd
1177 949 1249 989 quia
1272 949 1441 979 audaciore
1461 948 1642 978 coniectura
1657 946 1721 976 vim

158 991 272 1022 afferre
300 992 408 1021 Tacito
438 991 613 1026 videbatur,
643 1001 711 1019 cum
739 990 801 1030 legi
831 991 932 1021 vellet.
956 998 1075 1028 postero
1102 992 1203 1024 sitifim
1229 992 1349 1025 dierum,
1378 991 1479 1019 minus
1510 989 1635 1020 auditus
1664 993 1721 1017 est.

157 1035 225 1073 Ego
248 1033 307 1062 iam
328 1033 403 1062 mihi
425 1033 586 1062 meliorem
607 1041 790 1070 proponere
816 1032 941 1061 videor:
972 1031 1059 1059 Adeo
1078 1040 1184 1069 parata
1206 1033 1308 1061 seditio
1324 1033 1396 1072 suit,
1420 1039 1450 1060 ut
1469 1039 1599 1070 postero,
1621 1031 1722 1061 iduum

157 1075 201 1103 die
229 1076 358 1112 tertio,
392 1073 538 1103 Othonem
565 1074 676 1111 rapturi
695 1073 818 1112 fuerim.
861 1071 1039 1100 Librarinm
1064 1082 1102 1100 ex
1131 1073 1209 1112 sigla
1241 1073 1359 1101 numeri
1389 1082 1446 1102 111.
1475 1071 1626 1111 syllabam
1655 1080 1722 1100 rum

157 1125 254 1154 prave
285 1114 483 1144 aberrantem
510 1113 636 1153 finxisse
662 1114 723 1142 iam
753 1113 846 1143 vides.
890 1114 969 1141 Nam
998 1121 1102 1151 quarto
1133 1115 1243 1149 iduum,
1275 1119 1310 1143 ut
1340 1113 1372 1142 in
1404 1124 1471 1152 cap.
1505 1114 1550 1143 18.
1580 1113 1722 1153 legimus,

157 1156 234 1194 apud
248 1156 431 1195 frequentem
457 1155 584 1184 militum
611 1156 779 1183 concionem
803 1172 838 1176 —
862 1155 997 1192 adoptari
1025 1166 1043 1183 a
1070 1165 1100 1183 se
1124 1155 1269 1184 Pisonem
1290 1172 1331 1176 ——-
1347 1156 1533 1193 pronunciat.
1580 1155 1622 1183 Et
1641 1153 1722 1183 haec

158 1202 220 1225 tam
235 1197 296 1226 cito
310 1197 392 1226 laesa
409 1196 582 1235 adoptionis
604 1196 718 1235 religio
740 1206 799 1224 nna
823 1196 967 1235 profecto
989 1202 1063 1230 erat,
1085 1207 1167 1235 quae
1189 1196 1219 1224 in
1236 1196 1325 1225 brevi
1348 1196 1408 1226 hoc
1433 1206 1487 1224 sex
1508 1196 1630 1225 dierum
1652 1205 1723 1234 spa-

158 1237 212 1273 tio,
233 1237 312 1266 intra
336 1248 414 1278 quos
436 1237 544 1266 seditio
571 1243 601 1265 et
623 1243 693 1265 nata
717 1243 763 1265 est
787 1242 817 1265 et
841 1237 993 1276 perfecta,
1023 1236 1129 1266 afferri
1153 1248 1168 1265 a
1191 1238 1301 1266 Tacito
1326 1243 1459 1276 poterat,
1492 1245 1525 1267 ut
1547 1237 1721 1266 exercitum

157 1284 286 1316 paratae
307 1278 467 1307 seditionis
490 1284 522 1307 et
543 1277 796 1308 dissimulationis
819 1284 968 1317 argueret.
1014 1278 1107 1320 Quod
1133 1286 1235 1308 autem
1253 1285 1361 1308 contra
1375 1279 1556 1308 Ernestium
1567 1278 1721 1308 Walther

158 1318 319 1358 monebat,
344 1319 450 1355 „nimis
474 1318 512 1347 ab
539 1319 599 1349 hoc
629 1319 700 1348 loco
729 1325 885 1348 remotam
908 1328 977 1348 esse
1001 1320 1177 1358 adoptionis
1201 1320 1406 1355 mentionem,
1436 1330 1529 1360 quam
1552 1326 1586 1349 ut
1608 1325 1721 1349 auctor
1757 1342 1758 1347 ,

159 1359 276 1388 verbis:
301 1368 421 1398 postero
447 1361 500 1396 die,
522 1360 604 1388 nude
627 1360 672 1388 sic
696 1360 805 1398 positis
830 1360 867 1388 ad
892 1370 960 1389 eam
983 1361 1138 1400 respicere
1160 1362 1287 1401 possit,“
1311 1362 1343 1390 id
1366 1361 1450 1390 vides
1473 1361 1614 1400 scrupuli
1638 1369 1720 1390 nunc

157 1401 250 1440 plane
273 1407 466 1440 exemptum,
495 1401 631 1435 adiecto,
660 1402 760 1430 iduum
781 1403 824 1430 die
847 1403 940 1430 tertio.
985 1402 1184 1445 Quamquam
1208 1403 1257 1431 vel
1281 1402 1345 1432 sine
1370 1413 1405 1431 ea
1429 1402 1631 1432 accuratione
1653 1412 1720 1431 eam

158 1441 371 1471 difficultatem
400 1452 462 1470 non
485 1452 677 1481 magnopere
699 1452 851 1471 morarer.
894 1444 971 1471 Nam
991 1453 1052 1471 non
1076 1450 1143 1472 erat
1167 1443 1427 1482 obliviscendum,
1457 1445 1628 1473 seditionem
1649 1453 1720 1483 pos-

158 1488 227 1511 tero
251 1482 301 1511 die
322 1489 422 1512 ortam
445 1483 575 1512 narrari.
618 1485 663 1512 Ea
687 1494 762 1513 vero
786 1490 897 1523 sponte
920 1484 1001 1512 diem
1032 1485 1207 1524 adoptionis
1236 1492 1398 1524 posterum
1422 1485 1628 1525 intelligimus.
1673 1484 1720 1513 Si-

159 1523 286 1563 quidem
307 1530 378 1552 ante
401 1533 469 1553 eam
492 1535 547 1553 nec
570 1524 695 1553 omnino
718 1525 782 1554 ulla
805 1531 872 1554 erat
894 1532 990 1563 mota,
1017 1536 1075 1555 uec
1099 1532 1209 1556 contra
1231 1527 1393 1564 Pisonem,
1422 1526 1581 1566 privatum
1604 1525 1720 1566 quippe
1748 1545 1753 1549 -

160 1564 199 1592 ad
221 1574 297 1593 eum
312 1565 392 1594 diem
414 1564 582 1603 hominem,
605 1566 666 1594 ulla
690 1572 836 1605 potuerat
859 1576 935 1596 esse.

308 1631 452 1660 Alterum
478 1632 615 1669 verbum,
644 1633 728 1673 quod
755 1633 857 1672 spatio
885 1633 1047 1662 literarum
1078 1639 1170 1663 aucto
1199 1632 1354 1673 insignivi,
1384 1633 1456 1673 quia
1486 1635 1595 1670 gaudio
1624 1643 1718 1674 quam

157 1671 263 1708 gladiis
290 1672 336 1700 uti
364 1673 552 1708 maluerunt,
581 1675 756 1703 coniectura
784 1675 969 1714 eripuerunt
991 1674 1101 1703 Tacito
1132 1674 1219 1703 nimis
1246 1674 1290 1702 illi
1313 1674 1438 1714 quidem
1462 1674 1595 1704 delicati.
1640 1676 1717 1703 Nam

161 1712 271 1742 crebro
299 1713 350 1741 illa
379 1714 503 1754 quidem
531 1715 593 1744 duo
623 1715 718 1744 verba
745 1717 939 1755 copulantur.
984 1716 1046 1744 Sed
1076 1727 1148 1744 num
1176 1721 1306 1755 propter
1331 1716 1362 1743 id
1387 1716 1565 1756 ubicunque
1588 1726 1604 1744 a
1627 1715 1717 1745 nobis

161 1753 365 1793 scriptoribus
385 1761 456 1784 sunt
478 1755 694 1784 obtrudenda?
715 1757 879 1797 Etiamque
902 1757 1049 1786 militibus
1072 1757 1237 1795 seditiosis,
1262 1762 1326 1785 tum
1348 1757 1535 1786 Germanis?
1557 1756 1611 1797 qui
1633 1755 1718 1785 hand

161 1793 254 1823 dubie
276 1795 348 1834 ipsis
370 1795 431 1824 illis
453 1796 563 1835 gladiis
586 1797 695 1836 gaudia
718 1797 918 1828 testabantur.
962 1800 1070 1838 Neque
1093 1798 1193 1827 Taciti
1216 1799 1258 1827 ita
1282 1798 1383 1837 ignari
1407 1809 1523 1835 sumus,
1552 1804 1587 1826 ut
1609 1797 1718 1827 ablati-

161 1845 231 1864 vum
259 1834 341 1864 hunc
368 1837 485 1865 nudum
513 1838 543 1865 in
573 1847 610 1866 eo
638 1837 889 1869 reformidemus.
932 1839 995 1868 Sed
1025 1839 1143 1869 accedit
1166 1845 1326 1878 praeterea
1354 1840 1445 1868 etiam
1475 1838 1637 1868 Plutarchi
1665 1849 1718 1867 au-

161 1876 299 1913 ctoritas,
329 1878 382 1916 qui
411 1888 519 1907 rursus
547 1878 640 1918 plane
667 1888 737 1908 cum
760 1881 869 1910 Tacito
893 1881 1051 1920 conspirat
1072 1881 1103 1909 in
1126 1890 1195 1919 cap.
1216 1880 1281 1910 25:
1312 1878 1357 1910 Οἱ
1378 1879 1411 1910 d}
1434 1878 1598 1921 παρόντες
1619 1881 1716 1918 (XIII.

158 1917 388 1964 speculatores)
400 1914 457 1948 01³·2c
478 1919 554 1949 εἴων
576 1916 854 1959 (duodecimam),
877 1918 961 1951 ἀλλὰ
981 1924 1049 1956 τοῖς
1070 1923 1179 1962 ξίφεσι
1203 1924 1335 1960 γυμνοῖς
1353 1922 1481 1962 (strictis
1495 1921 1717 1959 mucronibus)

160 1967 203 1986 πε
222 1959 341 1993 ’ἰιοντες
355 1958 392 1989 τὸ
405 1964 539 2001 φορεῖον
552 1960 698 1992 ἐκέλευον
712 1959 880 2002 ἆῖρεσθαι.
895 1981 934 1986 -—
948 1960 1098 2003 ἐξήκουον
1121 1962 1180 2003 γὰρ
1196 1962 1277 1993 ἔνιοι
1289 1961 1516 2002 θαυμάζοντες
1534 1963 1716 2003 (miraculo)

159 1999 206 2049 μᾷ
227 1998 284 2049 2302}
304 1996 322 2039 ἢ
344 2000 581 2041 ταραττόμενοι
603 2001 658 2034 διὰ
677 2002 735 2044 τὴν
757 2003 928 2045 ὀλιγότητα
950 2005 1016 2035 τῶν
1030 2001 1356 2046 ἀποτετολμημένων.
1383 2005 1558 2046 Φερομένῳ
1581 2003 1614 2034 δὲ
1630 2001 1714 2033 οἱῗτω

161 2038 193 2069 δι,
227 2042 346 2082 αγορᾶς
374 2039 568 2084 ἀπήντησαν
594 2045 699 2086 ἕτεροι
724 2047 877 2077 τοσοῦτοι
909 2049 964 2077 καὶ
988 2044 1094 2077 πάλιν
1127 2045 1212 2076 κατὰ
1240 2049 1326 2088 τρεῖς
1354 2049 1409 2076 καὶ
1437 2048 1595 2087 τέτταρας
1620 2042 1715 2075 ἄλλοι

161 2083 419 2122 προσεπέλαζον,
441 2085 513 2116 εἶτα
534 2088 801 2130 συνανέστρεφον
822 2086 970 2123 ἅπαντες
990 2085 1254 2128 ἀνακαλόυμενοι
1276 2086 1434 2130 Κάισαρα
1463 2091 1518 2119 καὶ
1545 2085 1652 2127 γυμνοὶ
1672 2084 1717 2117 τὰ

159 2124 239 2167 ξίφη
270 2124 505 2166 προϊσχόμενοι
535 2129 690 2170 (clamore
721 2137 754 2160 et
784 2131 923 2171 gladiis).
973 2131 1121 2161 Similiter
1149 2141 1229 2172 quae
1265 2131 1410 2170 proxime
1439 2131 1520 2171 apud
1552 2136 1716 2170 utrumque
