1794 2318
705 97 992 132 -5—

61 199 222 224 auctorem
241 192 279 222 de
300 192 439 222 Martiale
463 197 646 232 sequuntur,
667 201 728 230 per
750 190 853 220 omnia
876 191 917 221 ita
941 190 1147 231 consentiunt,
1167 197 1202 221 ut
1224 191 1357 221 alterum
1377 190 1416 221 ab
1440 193 1539 223 altero
1560 202 1637 233 pen-

62 235 139 273 deue
162 234 247 265 omni
271 233 369 263 dubio
392 233 491 263 maius
515 233 667 263 videatur.

212 286 288 326 Cap.
310 285 360 316 29.
407 285 517 315 Sextus
542 285 587 313 hic
613 285 673 313 dies
698 285 805 324 agitur,
839 284 1064 322 commilitones,
1096 295 1133 313 ex
1158 294 1215 323 quo
1244 286 1364 323 ignarus
1385 286 1494 325 futuri,
1522 293 1550 315 et
1578 287 1638 316 sive

61 328 222 367 optandum
249 329 304 357 hoc
325 337 440 362 nomen,
469 328 527 355 sive
550 327 711 355 timendum
740 333 809 362 erat,
842 326 948 355 Caesar
976 327 1104 355 adscitus
1125 337 1200 356 sum.
1232 337 1289 366 quo
1318 328 1424 357 domus
1448 335 1564 357 nostrae
1586 336 1637 357 aut

61 369 231 408 reipublicae
244 369 348 409 fatum
370 371 398 398 in
426 376 520 398 vestra
544 378 634 396 mann
657 369 792 407 positum
822 375 872 397 est.
917 368 1007 396 Nunc
1034 368 1180 409 plerique
1202 368 1378 398 Puteolano
1402 376 1531 398 auctore
1553 369 1637 398 hunc

60 410 167 440 locum
190 411 231 440 ita
256 411 436 450 corrigunt:
467 420 523 449 quo
544 411 649 439 (lomus
672 417 788 438 nostrae
803 411 884 448 fato,
912 410 940 438 in
964 418 1057 439 vestra
1081 420 1170 439 rnnnu
1187 412 1321 449 positum
1345 418 1396 439 est.
1440 410 1503 440 Sed
1526 421 1638 450 parum

62 452 272 488 attenderunt,
293 454 335 481 ita
359 451 488 482 eandem
511 452 694 480 sententiam
718 452 830 490 repeti,
850 461 929 491 quae
951 452 1256 491 pi‘aecessel‘at7'sive
1276 453 1437 491 optandum
1456 463 1562 482 nomen
1579 454 1638 482 sive

62 495 238 531 timendum3
262 493 293 522 id
315 504 391 523 vero
415 502 453 522 eo
476 499 597 522 tantum
620 502 714 532 posse
738 493 890 528 excusari,
913 493 993 521 side
1015 499 1151 533 utroque
1174 493 1240 522 fato
1264 494 1377 523 deinde
1400 500 1482 523 esset
1505 493 1637 534 amplius

63 535 140 565 Piso
163 535 314 564 dicturus.
362 535 457 581 Quod
483 545 578 575 quum
601 544 663 563 non
686 534 755 571 fiat,
784 535 927 563 standum
955 534 1039 563 haud
1062 535 1158 564 dubie
1185 536 1215 564 in
1247 535 1392 564 codicum
1422 535 1554 565 lectione
1581 541 1638 571 est,

64 586 146 617 quae
175 576 250 605 nihil
280 577 310 605 in
339 587 373 606 se
402 576 583 606 offensionis
612 575 717 605 habet.
769 577 846 605 Cum
875 575 1013 615 emphasi
1041 577 1120 606 enim
1143 577 1294 606 incertum
1318 577 1349 605 id
1373 588 1463 606 suum
1486 575 1638 616 reipubli-

63 627 161 648 caeve
172 618 272 647 fatum
283 618 343 647 iam
355 620 385 647 in
398 618 531 646 militum
543 627 635 646 manu
649 627 714 646 esse
726 618 861 657 positum
876 618 978 657 pergit
989 618 1120 648 docere:
1138 619 1211 648 Non
1219 620 1300 657 quod
1309 629 1374 647 meo
1387 620 1638 657 nominepnveam

63 665 122 690 etc.
171 660 294 690 Verum
322 666 442 696 tamen,
466 659 491 688 si
519 665 608 688 recte
636 658 785 688 hactenus
812 660 1039 688 sententiarum
1066 670 1269 700 progressum
1298 661 1445 700 exposui,
1474 670 1570 688 unum
1594 659 1638 690 vi-

62 701 176 731 tiosum
205 710 273 730 esse
303 704 444 741 apparet.
487 702 565 730 Nam
593 711 649 739 quo
681 707 732 730 aut
758 701 940 740 explicabis,
968 712 1025 740 quo
1047 703 1134 742 facto
1166 708 1228 738 aut,
1255 713 1299 741 eo,
1324 703 1411 740 quod.
1460 702 1639 742 Utrumque

62 752 138 773 vero
162 741 274 771 falsum
298 753 364 772 esse
387 748 528 782 apparet.
566 743 645 770 Nam
668 742 753 782 quod
773 743 868 782 [nturi
890 745 1028 780 ignarum
1049 753 1082 772 se
1105 754 1200 783 supra
1222 743 1404 780 testabatur,
1428 755 1488 774 non
1512 752 1638 782 semper

63 794 123 814 nec
135 784 228 812 unice
248 784 278 813 in
301 784 433 813 militum
456 794 550 812 manu
568 783 681 813 fuerat.
718 783 751 812 Si
774 784 856 812 enim
882 784 1000 824 suisset,
1020 785 1039 813 i.
1064 795 1090 813 e.
1110 785 1135 814 si
1158 796 1175 814 a
1197 785 1331 815 militum
1354 785 1479 815 licentia
1503 784 1637 814 salutem

61 835 149 854 suam
172 825 309 865 pendere
330 825 469 863 vidisset,
492 836 554 855 non
577 825 641 864 ille,
670 825 778 864 credo,
801 826 968 855 Caesarem
992 837 1025 855 se
1049 826 1111 856 dici
1134 833 1214 856 esset
1240 837 1357 866 passus.
1402 830 1520 866 Aperte
1543 825 1637 854 etiam

61 866 92 895 id
121 867 188 906 ipse
221 867 334 896 deinde
364 867 538 907 eloquitur:
571 867 735 896 Provisum
765 868 922 905 adoptione
950 869 1107 906 videbatur,
1137 876 1168 897 ut
1194 879 1229 898 ne
1256 877 1328 907 post
1361 869 1491 898 Galbam
1521 868 1637 907 quidem

61 908 132 938 bello
162 909 242 938 locus
271 917 352 938 esset.
398 908 605 950 Quapropter
632 915 720 937 recte
748 919 843 947 supra
873 911 934 938 iam
962 909 1136 940 inculcavi:
1169 909 1286 950 „fatum
1310 921 1398 940 suum
1421 912 1482 939 iam
1504 909 1534 938 iu
1557 908 1637 938 mili-

61 956 128 979 tum
149 959 241 979 manu
265 960 330 979 esse
345 951 483 990 positum
506 950 639 990 pergitf‘
664 950 759 994 Quod
782 950 806 979 si
833 951 874 980 ita
898 957 955 990 est,
972 951 1136 981 Waltheri
1161 952 1379 991 accipiendum
1397 952 1559 982 inventum
1581 956 1637 989 est,

61 992 273 1031 quodfatum
295 993 323 1020 in
347 999 440 1021 vestra
461 1002 553 1020 manu
575 999 625 1028 est,
645 992 671 1020 si
695 992 819 1032 quidem
840 998 871 1021 et
894 1003 927 1022 eo
951 994 1030 1031 quod
1053 995 1085 1022 e't
1108 1004 1165 1032 quo
1178 993 1261 1034 facto
1283 993 1321 1023 ad
1332 993 1439 1033 'prima
1458 992 1637 1032 adoptionis

61 1039 205 1072 tempora
228 1032 306 1063 falso
330 1044 387 1062 nos
409 1033 521 1062 reiicit.
565 1034 677 1074 Neque
701 1033 875 1063 mirandum
901 1040 964 1071 est,
995 1035 1080 1075 quod
1104 1045 1139 1064 ea
1160 1035 1328 1075 particula,
1357 1038 1419 1065 inm
1441 1041 1489 1064 est
1512 1034 1636 1063 omissa.

62 1075 139 1103 Nam
169 1081 199 1104 et
224 1075 318 1114 saepe
346 1074 459 1112 Latini⁷
487 1074 542 1103 ubi
571 1085 627 1104 nos
658 1075 811 1111 addimus,
841 1085 908 1105 eam
939 1075 1042 1105 solent
1070 1077 1218 1113 reticere,
1252 1084 1283 1107 et
1311 1077 1363 1107 hic
1390 1076 1534 1106 consulto
1561 1075 1636 1104 Piso

62 1115 176 1155 omisit,
198 1127 235 1146 ne
257 1117 351 1156 plane
374 1117 404 1145 in
429 1116 561 1146 militum
583 1118 757 1156 potentiam
779 1117 937 1157 praesenti
960 1118 1095 1147 tumultu
1116 1125 1221 1148 natam
1243 1129 1277 1148 se
1299 1119 1419 1148 dedere
1442 1118 1616 1148 videretur.

735 1184 830 1214 Hist.
853 1186 885 1225 L,
908 1185 957 1215 30.

213 1236 339 1266 Galbam
359 1247 518 1266 consensus
533 1238 649 1274 generis
670 1237 800 1273 humani,
822 1247 868 1265 me
891 1237 988 1265 Galba
1011 1237 1253 1266 consentientibus
1275 1237 1356 1265 vobis
1376 1236 1529 1265 caesarem
1551 1236 1636 1266 dixit.

64 1277 100 1307 Si
121 1279 279 1316 respublica
302 1286 327 1307 et
349 1286 466 1307 senatus
489 1286 515 1307 et
532 1279 660 1317 populus
684 1288 774 1307 vacua
797 1280 919 1307 nomina
939 1286 1019 1317 sunt,
1050 1286 1157 1315 vestra,
1185 1278 1413 1313 commilitones,
1443 1279 1572 1315 interest,
1601 1287 1636 1306 nc

58 1320 250 1358 imperatores
268 1321 391 1358 pessimi
403 1321 530 1360 faciant.
574 1321 747 1356 Legionum
774 1320 876 1348 seditio
905 1321 1042 1353 adyersus
1071 1321 1156 1349 duces
1183 1330 1254 1348 suos
1275 1320 1375 1348 audita
1398 1327 1439 1348 est
1462 1319 1635 1358 aliquandm·

62 1368 155 1390 vestra
165 1360 243 1401 fides
257 1362 404 1401 famaque
427 1362 527 1390 illaesa
549 1363 588 1390 ad
608 1362 682 1390 lum<-
704 1363 781 1390 dIem
802 1363 921 1390 mansit.
958 1362 1004 1391 Et
1028 1362 1112 1390 Nero
1136 1371 1250 1400 quoque
1273 1371 1324 1390 vos
1347 1362 1484 1396 destituit,
1504 1371 1563 1389 non
1584 1370 1635 1389 vos

63 1402 224 1432 Neronem.
269 1403 372 1431 Minus
400 1404 521 1440 triginta
551 1406 721 1442 transfugae
751 1411 776 1431 et
805 1404 973 1438 desertores,
1002 1413 1079 1441 quos
1107 1405 1304 1432 centurionem
1333 1410 1384 1431 aut
1412 1403 1559 1431 tribunum
1580 1402 1636 1431 sibi

60 1443 196 1480 eligentes
217 1454 302 1473 nemo
318 1445 421 1484 ferret,
442 1446 596 1483 imperium
621 1444 834 1482 assignabunt?
855 1444 1023 1474 Admittitis
1037 1445 1222 1483 exemplum?
1244 1446 1289 1473 Et
1301 1445 1470 1483 quiescendo
1481 1453 1635 1473 commune

60 1486 168 1514 crimen
180 1486 308 1526 facitis?
336 1486 532 1515 Transcendet
553 1487 623 1516 haec
643 1487 757 1515 licentia
779 1487 808 1515 in
825 1488 994 1525 provincias
1014 1494 1041 1515 et
1063 1488 1108 1515 ad
1128 1496 1193 1516 nos
1221 1486 1422 1524 scelerum,
1454 1486 1635 1515 bellorum

59 1527 104 1555 ad
126 1537 189 1557 vos
210 1528 304 1556 exitus
323 1528 526 1566 pertinebunt?
1249 1535 1252 1538 ⁴

212 1578 348 1607 Mediam
371 1578 470 1608 habes
493 1578 619 1609 Pisonis
643 1579 829 1614 orationem,
853 1589 914 1619 qua
937 1579 1184 1618 prudentissima
1206 1579 1425 1619 praetorianos
1449 1579 1487 1608 ab
1506 1579 1634 1610 Othone

5 1617 7 1619 ’
36 1656 37 1659 ¹
60 1626 92 1650 et:
112 1619 265 1649 seditione
288 1630 443 1649 revocare
466 1626 609 1650 conatur.
652 1622 761 1661 ltaque
786 1620 929 1658 militum,
952 1631 1014 1650 non
1037 1632 1125 1650 suam
1149 1631 1275 1650 causam
1299 1630 1332 1650 se
1355 1631 1449 1661 agere
1473 1621 1633 1661 praefatus

60 1660 196 1701 primum
226 1671 263 1690 ne
289 1661 328 1690 ab
352 1661 487 1695 Othone,
515 1661 641 1692 homine
670 1662 805 1702 prodigo
835 1668 864 1691 et
891 1661 1061 1692 libidinoso
1089 1662 1258 1703 quidquam
1288 1662 1485 1692 liberalitatis
1508 1670 1635 1702 sperent

61 1708 250 1732 commonet.
293 1703 416 1732 Deinde
439 1703 542 1733 verbis
566 1714 662 1743 supra
685 1703 850 1742 adscriptis
874 1703 911 1731 ad
929 1713 1026 1743 genus
1041 1704 1201 1734 seditionis
1219 1714 1320 1745 aeque
1334 1704 1408 1744 ipsis
1422 1704 1634 1744 perniciosum

59 1744 178 1781 transit,
205 1744 272 1772 sive
299 1744 439 1773 illaesam
470 1745 508 1774 ad
538 1745 623 1774 hunc
651 1745 734 1774 diem
763 1755 849 1774 suam
883 1745 997 1774 samam
1031 1752 1060 1775 et
1093 1746 1271 1785 praesentis
1308 1745 1455 1775 facinoris
1487 1753 1632 1777 auctores

60 1791 220 1825 spectent,
250 1786 317 1814 sive
341 1786 521 1825 exemplum
545 1792 577 1816 et
600 1793 732 1816 eventus
752 1786 885 1816 fiituros.
935 1788 998 1816 Iam
1022 1787 1052 1816 in
1076 1788 1261 1827 praestantis
1283 1787 1377 1817 huius
1401 1787 1551 1817 orationis
1573 1787 1634 1818 fine

60 1836 155 1866 quem
177 1838 238 1856 non
262 1827 481 1867 admiratione,
503 1837 542 1857 ne
567 1827 678 1865 dicam,
703 1828 918 1868 indignatione
941 1829 1107 1868 compleat,
1137 1829 1162 1858 si
1185 1829 1216 1858 in
1238 1829 1374 1859 tristium
1397 1839 1505 1858 earum
1525 1840 1633 1860 rerum

58 1868 308 1906 enumeratione,
343 1879 421 1909 quae
443 1869 472 1898 in
495 1870 712 1909 praetorianos
737 1879 868 1898 casurae
892 1876 979 1907 sunt,
1008 1870 1048 1899 ad
1070 1873 1276 1910 imperatores
1299 1871 1419 1908 scelera,
1448 1870 1487 1900 ad
1516 1871 1632 1901 milites

58 1907 238 1938 referuntur
266 1910 355 1939 bella!
386 1910 550 1940 idcircone
577 1910 655 1941 haec
689 1911 793 1941 omnia
824 1911 907 1951 apud
933 1912 1043 1942 milites
1067 1912 1150 1941 dicta
1175 1918 1259 1947 sunt,
1292 1922 1427 1953 quorum
1451 1922 1575 1942 causam
1598 1922 1632 1942 se

58 1950 152 1980 unice
178 1960 290 1980 curare
318 1952 368 1988 ait,
395 1957 430 1981 ut
456 1951 539 1982 bello
568 1962 621 1982 eos
648 1953 781 1994 denique
811 1959 941 1993 terreat,
969 1954 1056 1994 quasi
1085 1953 1226 1983 homines
1253 1954 1394 1994 ignavos,
1420 1965 1482 1984 non
1511 1953 1632 1984 feroces

59 1990 225 2022 cohortes?
247 1992 342 2035 Quod
365 1999 465 2023 autem
488 1994 571 2023 istud
594 1993 747 2034 flagitium
771 2000 828 2032 est,
852 1995 935 2035 quod
959 1995 998 2024 ad
1017 2005 1060 2031 se,
1079 1996 1098 2024 i.
1112 2005 1135 2024 e.
1152 1995 1191 2024 ad
1207 1995 1417 2035 imperatores
1435 2002 1466 2025 et
1483 2003 1632 2034 senatum,

57 2034 164 2062 scelera
183 2034 345 2073 pertinere
369 2034 430 2064 ait?
453 2035 522 2066 Non
545 2036 633 2076 quod
657 2036 695 2065 ad
718 2046 771 2067 eos
795 2046 831 2065 ea
854 2037 976 2065 scelera
997 2047 1061 2066 non
1083 2037 1268 2077 pertineant.
1311 2037 1344 2066 Si
1367 2037 1493 2078 quidem
1512 2038 1631 2067 nullum

57 2083 190 2114 usquam
219 2074 340 2105 facinus
369 2082 423 2113 est,
451 2076 537 2117 quod
564 2088 627 2107 non
655 2077 694 2107 ad
721 2087 794 2107 eum
816 2077 908 2107 simul
929 2078 1094 2118 pertineat,
1126 2079 1178 2119 qui
1201 2079 1345 2119 patiatur,
1368 2085 1398 2108 et
1420 2078 1459 2108 ad
1482 2088 1553 2109 eum
1577 2079 1632 2120 qui

57 2113 161 2145 faciat.
211 2117 328 2149 Verum
357 2127 439 2148 nunc
467 2129 530 2149 non
556 2124 639 2157 erat,
672 2117 748 2160 quid
770 2125 951 2159 paterentur
979 2120 1208 2161 imperatores,
1244 2120 1437 2159 docendum,
1464 2120 1520 2151 sed
1549 2131 1632 2162 quae
