1794 2318
708 97 760 102 ...-
841 75 864 109 7
944 97 996 103 ...-

64 170 158 200 citate
187 168 344 204 orationis,
380 178 441 208 qua
471 161 602 197 militum
631 167 724 196 animi
752 167 840 208 quasi
869 167 1119 204 dinumerantur,
1150 168 1296 210 cuiquam
1326 168 1356 198 in
1379 175 1516 199 mentem
1541 170 1643 200 veniat

65 211 183 249 dicere,
216 210 314 240 Taciti
339 209 400 240 hoc
427 220 494 239 esse
524 209 740 248 interpositum
770 209 931 245 iudicium,
970 219 1033 250 quo
1062 219 1149 238 suam
1180 210 1245 249 ipse
1271 211 1504 240 miserationem
1534 211 1640 242 testari

64 252 210 284 voluerit.
255 253 331 280 Nam
360 253 390 280 in
421 261 470 280 res
500 260 607 279 omnes
631 257 737 280 nostra
762 250 881 291 ubique
904 260 995 279 sensa
1017 250 1196 280 immiscere
1217 251 1298 282 idem
1322 259 1368 282 est
1389 262 1456 281 mos
1477 263 1540 281 non
1563 253 1640 282 anti-

66 304 155 335 quus,
171 293 232 322 <sed
254 292 416 322 hominum
438 292 656 322 recentiorum.
701 291 901 335 Quamquam
924 292 955 320 id
978 291 1105 332 quidem
1125 295 1233 333 negari
1250 304 1312 322 non
1330 300 1444 333 potest,
1465 295 1640 324 manavisse

66 335 105 364 ad
129 344 186 364 nos
213 334 297 363 istud
326 334 432 365 vitium
453 332 469 362 a
491 344 590 373 prava
613 334 829 362 Romanorum
856 332 1019 361 hominum
1048 333 1228 364 imitatione.
1272 335 1351 363 Nam
1372 334 1455 371 dum,
1484 335 1571 375 quod
1593 335 1639 364 illi

65 376 222 408 rhetorica
252 381 320 405 arte
349 381 512 412 exornant,
538 375 569 403 in
592 374 725 414 quodvis
755 374 905 404 orationis
932 384 1029 413 genus
1058 375 1278 404 transferimus
1300 375 1332 406 «Sc
1355 377 1557 413 aemulamur,
1586 376 1639 406 diu

66 426 243 457 ea7-paene
263 416 413 455 dixerim,
441 415 512 445 ficta
537 415 663 446 delicati
686 425 792 445 sensus
815 414 1024 444 mendacitate
1045 414 1256 446 laboravimus
1276 424 1307 446 et
1330 427 1412 446 nunc
1436 418 1529 446 etiam
1553 418 1640 449 labo-

65 469 180 488 ramus.
225 458 288 487 Sed
315 464 436 494 tamen,
467 457 555 498 quod
577 456 656 486 falso
680 457 751 486 loco
780 456 898 497 antiqui
922 467 991 485 cam
1019 457 1217 486 teneritatem
1247 468 1309 488 non
1340 459 1541 499 admiserunt,
1569 459 1639 500 quis

65 500 139 529 inde
167 498 317 529 effectum
346 499 474 539 putarit,
503 508 557 529 eos
585 497 711 529 omnino
737 508 864 527 omnem
891 498 941 527 vel
971 498 1130 537 sprevisse
1158 499 1207 528 vel
1238 499 1421 539 ignorasse?
1462 502 1572 542 Itaque
1602 511 1639 530 ea

66 541 222 581 exempla,
257 540 370 581 quibus
399 540 547 571 VValther
581 546 690 570 contra
716 540 896 568 Ernestium
926 539 1088 578 disputare
1121 539 1180 568 sibi
1208 540 1348 579 videtur,
1382 541 1458 571 nihil
1491 542 1639 582 probant.

65 583 145 612 Nam
173 582 329 613 eiusmodi
361 582 465 611 onmia
495 589 581 618 sunt,
613 581 668 610 ubi
696 581 764 610 iure
798 581 842 610 eis
871 581 1113 620 pronominibus
1144 582 1270 611 Tacitus
1303 583 1408 612 utitur.
1471 585 1640 624 Apponam

66 634 163 653 unum
191 634 229 653 ex
258 624 362 663 capite
389 623 479 652 huius
504 623 577 652 libri
602 622 658 653 40:
701 622 812 652 Othoni
839 630 938 652 tamen
967 624 1079 652 armari
1101 623 1215 662 plebem
1243 625 1442 653 nunciabatur.
1484 625 1535 654 Ire
1552 636 1640 665 prae-

66 667 164 705 cipites
191 673 217 695 et
243 675 383 704 occupare
419 666 547 704 pericula
582 665 666 694 iubet.
732 663 833 701 Igitur
863 664 970 693 miIites
996 665 1146 704 Romani,
1182 666 1266 703 quasi
1304 666 1466 703 Vologesen
1497 674 1547 696 aut
1575 667 1639 696 Pa-

66 717 169 737 corum
196 708 274 736 avito
298 707 511 736 Arsacidarum
532 707 607 736 solio
632 707 786 745 depulsuri,
814 716 848 734 ac
876 716 935 734 non
962 707 1168 744 imperatorem
1195 716 1301 735 suum
1328 708 1467 736 inermem
1493 715 1518 736 et
1543 718 1641 738 senem

67 750 209 778 trucidare
227 756 387 788 pergerent,
410 749 527 777 disiecta
544 749 636 786 plebe,
654 748 826 786 proculcato
849 755 960 786 senatu,
983 755 1076 776 truces
1098 749 1199 786 armis,
1221 749 1314 787 rapidi
1331 749 1640 788 equissorumirrum-

62 797 146 829 punt.
189 791 275 820 Haec
304 786 403 829 igitur
429 795 494 819 tota
518 790 556 818 ad
578 789 809 819 miserationem
830 794 862 817 et
883 788 1129 827 indignationem
1150 789 1233 818 facta
1263 790 1374 825 oratio,
1403 790 1487 831 quid,
1515 800 1640 831 quaeso,

68 841 140 861 cum
167 838 272 861 nostra
303 831 511 860 similitudinis
540 830 657 860 habet?
694 831 800 870 Itaque
828 830 888 860 tale
919 829 1035 870 aliquid
1065 840 1102 859 ac
1133 831 1297 860 verissime
1331 831 1457 872 quidem
1488 832 1641 862 sentiebat

66 873 238 912 Ernestius,
261 883 357 914 quum
377 883 430 902 suo
455 883 471 901 a
494 874 729 913 germauizante
753 871 883 900 librario
902 871 1041 900 additum
1064 871 1204 911 putabat.
1238 874 1308 912 Ego
1331 883 1409 903 vero
1438 874 1550 903 salsum
1572 873 1639 915 qui-

67 914 140 943 dem
162 914 247 944 istud
268 925 322 944 suo
349 924 480 950 censeo,
509 925 570 943 non
594 920 695 943 tamen
719 913 873 949 additum,
903 913 1002 952 (nulla
1026 913 1108 941 enim
1131 912 1222 943 huius
1244 914 1355 943 similia
1377 914 1586 945 additamenta
1608 915 1640 944 iu

67 965 106 985 eo
121 956 253 985 librario
276 954 454 995 inveneris,)
482 956 538 985 sed
561 966 594 985 ea
618 955 818 995 simplicitate
842 961 947 984 natum
973 954 1038 991 aio,
1068 964 1128 994 qua
1153 965 1245 995 saepe
1269 955 1310 984 ad
1330 956 1507 995 proximum
1527 967 1640 987 nomen

67 997 184 1027 codicis
206 998 291 1027 Flor.
306 997 469 1026 librarium
494 1006 582 1026 casus
605 996 814 1037 refingentem
836 996 914 1025 locis-
938 995 1080 1035 plurimis
1095 997 1286 1035 experimur.
1320 997 1352 1026 ld
1366 997 1461 1037 igitur
1473 998 1640 1038 agendum,

68 1045 101 1069 ut
125 1048 235 1068 verum
266 1049 371 1068 casum
394 1038 467 1068 huic
490 1038 672 1078 pronomini
698 1038 866 1067 reddamus
889 1037 982 1066 nobis
1006 1044 1153 1077 ereptum.
1205 1038 1276 1084 Quo
1301 1045 1333 1068 ut
1355 1040 1589 1078 perveniamus,
1622 1050 1640 1068 a

66 1081 188 1110 militiae
209 1081 308 1110 ordine
330 1080 565 1119 interpretando
586 1080 706 1110 initium
728 1079 914 1119 capiendum
938 1084 994 1108 est.
1028 1079 1106 1107 Nam
1130 1088 1201 1108 eum
1221 1080 1412 1121 plerumque
1434 1091 1505 1110 cum
1529 1080 1640 1110 ordine

68 1122 135 1152 sive
163 1122 263 1163 gradu
291 1121 419 1150 militari
447 1121 600 1151 confundi
628 1132 690 1150 non
718 1127 807 1150 recte
835 1120 937 1150 video.
987 1120 1019 1150 Si
1051 1120 1177 1160 quidem
1207 1131 1276 1150 eum
1306 1132 1390 1151 nunc
1417 1122 1545 1163 quidem
1576 1132 1639 1151 non

67 1163 200 1204 intelligi
227 1164 258 1192 in
291 1169 400 1203 aperto
431 1169 486 1192 est.
529 1164 608 1192 Nam
631 1173 736 1192 omnes
760 1162 798 1191 ad
821 1161 1041 1202 praetorianos
1065 1162 1150 1191 missi
1173 1170 1260 1192 erant
1281 1162 1408 1192 tribuni.
1452 1164 1520 1193 Non
1543 1164 1640 1204 igitur

66 1205 151 1234 hunc
175 1205 235 1233 illis
260 1205 486 1244 suspectiorem
510 1203 605 1234 fuisse
620 1210 850 1234 monstraturus
868 1203 984 1232 addere
999 1203 1126 1233 Tacitus
1140 1205 1252 1243 potuit,
1273 1214 1335 1233 non
1349 1205 1379 1233 id
1394 1205 1491 1234 fuisse
1506 1212 1640 1245 propter

67 1245 271 1276 tribunatum.
319 1248 375 1275 Est
400 1246 504 1286 potius
534 1247 606 1276 ordo
628 1247 760 1286 militiae,
784 1255 878 1283 genus
901 1245 1033 1284 militiae,
1060 1256 1140 1286 quae
1173 1251 1208 1275 ut
1230 1245 1375 1275 omnibus
1400 1253 1516 1284 notum,
1544 1247 1639 1276 variis

68 1287 228 1317 ordinibus
252 1287 509 1328 distinguebatur.
542 1289 585 1317 Ita
601 1297 706 1328 supra,
726 1297 792 1327 cap.
804 1287 861 1317 25:
887 1287 924 1315 In
936 1288 1086 1316 communi
1100 1297 1202 1316 omnes
1218 1295 1297 1317 metu
1313 1290 1470 1317 mutandae
1491 1289 1640 1318 militiae

69 1330 254 1359 terrebantur.
287 1328 346 1357 Ubi
368 1340 477 1358 rursus
500 1329 590 1359 vides
612 1331 763 1359 communi
784 1328 929 1368 peccari3
952 1338 1065 1368 nempe
1086 1337 1165 1358 metu
1187 1336 1339 1370 sequente
1361 1329 1470 1359 vitium
1485 1330 1640 1359 exemisse

18 1372 25 1379 ⁰
69 1370 169 1400 bonus
184 1370 338 1399 >librarius
362 1370 421 1399 sibi
445 1370 618 1410 videbatur,
639 1371 665 1400 si
687 1370 864 1411 corrigeret
882 1372 1040 1399 communi.
1077 1370 1139 1400 Sed
1163 1370 1280 1400 dudum
1298 1372 1465 1401 Rhenanus
1479 1371 1640 1410 rescripsit

70 1413 98 1441 in
119 1423 281 1442 commune.
317 1412 466 1441 Ceterum
489 1423 557 1442 eum
581 1419 696 1442 metum
719 1412 757 1441 ad
781 1411 957 1441 classiarios
980 1411 1112 1441 maxime
1134 1412 1322 1452 pertinuisse
1337 1412 1462 1442 dixeris.
1496 1414 1539 1442 Ita
1556 1413 1639 1441 enim

69 1453 109 1482 de
129 1453 176 1493 iis,
220 1464 384 1494 uamquam
407 1453 446 1482 ad
467 1454 683 1493 praetorianos
705 1453 856 1483 aberrans
880 1452 1057 1492 xiphilinus
1078 1453 1108 1482 in
1133 1453 1244 1493 Galba,
1270 1463 1338 1494 cap.
1361 1455 1389 1485 ὃ.
1428 1451 1640 1495 §tanmem

69 1491 158 1537 αὐτῷ
181 1505 212 1525 οι
235 1492 412 1536 δορυφόροι
435 1496 494 1525 τοῦ
517 1495 684 1536 Νέρωνος,
703 1498 757 1525 καὶ
780 1491 891 1535 ἠξίουν
911 1493 947 1525 ἐν
968 1494 1006 1538 τῇ
1034 1490 1117 1539 aliti}
1145 1496 1284 1536 σρατεὶᾳ
1304 1495 1534 1537 ’([υλαχθῆναι.
1575 1498 1639 1525 Eos

69 1547 146 1567 vero
175 1544 241 1566 tum
270 1536 368 1566 caede
394 1548 524 1568 suorum
553 1537 683 1568 infestos
712 1538 832 1577 primos
854 1542 991 1567 tentasse
1015 1536 1239 1573 Onomastum,
1274 1538 1441 1568 admodum
1470 1538 1640 1578 probabile

70 1584 124 1609 est.
166 1578 373 1621 Quamquam,
402 1579 427 1608 si
450 1579 633 1608 Suetonium
657 1579 809 1615 audimus,
833 1579 872 1607 ad
895 1588 1003 1609 omnes
1026 1579 1080 1607 ille
1105 1580 1273 1608 mutandae
1295 1580 1425 1609 militiae
1448 1586 1549 1609 metus
1571 1589 1640 1619 per-

37 1655 41 1659 .
69 1619 199 1649 tinebat.
249 1621 276 1649 Is
305 1621 386 1649 enim
418 1620 448 1648 in
478 1620 599 1650 Galbae
630 1631 697 1660 cap.
729 1620 783 1651 16:
831 1621 963 1650 Ceterum
981 1622 1187 1658 praetorianos
1210 1623 1297 1651 et'uzm
1319 1629 1398 1650 metu
1421 1630 1445 1650 et
1470 1623 1640 1659 indignitate

68 1663 238 1699 commovit,
266 1671 416 1691 removens
445 1663 563 1691 subinde
587 1663 740 1701 plerosque
765 1670 796 1691 ut
822 1669 971 1701 suspectos
998 1669 1023 1690 et
1053 1662 1225 1701 Nymphidii
1251 1664 1357 1691 socios.
1407 1663 1506 1692 Multo
1534 1669 1640 1692 autem

11 1705 13 1708 ⁴
35 1728 38 1731 .
69 1703 216 1742 apertius,
244 1712 339 1743 quem
362 1703 505 1732 ordinem
527 1703 657 1733 militiae
680 1704 730 1733 hic
752 1704 934 1741 habeamus,
963 1703 1059 1732 docet
1084 1710 1178 1743 caput
1198 1704 1251 1734 38:
1286 1705 1391 1742 Rapta
1416 1707 1518 1734 statim
1545 1715 1640 1743 arma,

22 1782 26 1786 ⁶
68 1747 129 1774 sine
150 1754 232 1774 more
254 1752 280 1773 et
299 1745 431 1774 ordine
450 1745 626 1782 militiae,
656 1753 684 1774 ut
702 1747 973 1784 praetorianus
1001 1745 1312 1782 aut...legionarins
1335 1748 1542 1784 insignibus
1563 1747 1639 1775 suis

68 1787 366 1823 distingueretur.
399 1788 602 1816 miscentur
628 1786 882 1816 auxiliaribus
907 1787 1030 1824 galeis
1058 1788 1244 1825 scutisque
1272 1793 1331 1816 etc.
1380 1789 1458 1816 Nam
1482 1798 1544 1817 nou
1568 1797 1639 1817 vere

67 1827 276 1866 interpretari,
299 1837 378 1866 quos
400 1827 442 1856 ita
467 1834 618 1858 vertentes
642 1829 790 1868 legimus:
823 1828 916 1857 Keine
940 1829 1051 1863 Zucltt‚
1078 1828 1156 1857 keine
1180 1829 1441 1867 Dienstordnung,
1470 1828 1640 1869 unusquis-

68 1878 130 1909 que
164 1877 201 1897 ex
232 1868 458 1898 antithetorum
487 1875 598 1898 natura
627 1869 783 1910 intelligit.
830 1869 1005 1898 Effecimus
1034 1868 1148 1908 igitur,
1180 1875 1215 1898 ut
1242 1870 1429 1910 Pompeium
1458 1870 1639 1910 Longinum

66 1909 226 1939 tribunum
251 1909 378 1951 quidem
402 1910 498 1940 fuisse
520 1911 699 1947 videamus,
733 1911 789 1940 sed
815 1922 876 1941 nou
899 1910 1143 1950 praetorianum.
1187 1911 1284 1951 quue
1308 1912 1354 1941 vel
1380 1912 1505 1941 aliunde
1528 1911 1639 1941 didici-

67 1961 145 1980 mus.
192 1951 271 1980 Nam
300 1951 380 1980 Ann.
405 1952 475 1988 XV,
501 1952 569 1982 71.:
602 1954 702 1982 Exuti
728 1954 841 1989 dehinc,
871 1952 925 1988 ait,
955 1953 1102 1981 tribunatu
1125 1953 1346 1991 Pompeius,
1384 1954 1533 1984 Cornelius
1556 1954 1638 1982 Mar-

66 1993 144 2022 tialis
165 2009 206 2014 --
227 1994 310 2032 quasi
327 1994 487 2032 principem
505 2004 564 2023 non
588 1996 703 2033 quidem
732 1995 876 2033 odissent,
906 1994 957 2022 seri
981 2001 1079 2023 tamen
1099 1996 1330 2024 aestimarentur.
1375 1996 1484 2036 Itaque
1505 1994 1638 2024 infestus

65 2033 184 2064 Neroni
213 2043 228 2062 a
257 2033 357 2062 Galba
387 2035 418 2063 in
448 2035 581 2066 eundem
611 2035 756 2065 ordinem
785 2036 954 2065 militarem
983 2037 1142 2065 restitutus
1167 2045 1236 2065 esse
1267 2036 1404 2077 videtur,
1432 2037 1487 2066 sed
1515 2047 1577 2066 non
1605 2036 1638 2065 in

66 2075 204 2104 eundem
227 2074 371 2105 ordinem
392 2075 536 2117 militiae,
566 2076 585 2106 i.
609 2088 636 2107 e.
658 2074 695 2106 in
708 2078 943 2117 praetorianos,
970 2077 1050 2117 ‚quia
1071 2076 1184 2106 in·illis
1207 2077 1312 2108 nullus
1334 2084 1416 2116 tum,
1448 2085 1480 2108 ut
1500 2078 1638 2114 videtur,

63 2115 156 2146 locus
176 2115 319 2148 vacabat.
361 2117 425 2147 Iam
448 2127 540 2157 vere,
567 2120 593 2149 si
612 2129 671 2149 non
694 2130 726 2149 eo
748 2119 871 2149 militiae
891 2119 991 2149 ordine
1012 2126 1072 2149 erat
1094 2120 1269 2163 suspectior,
1298 2128 1497 2162 consequens
1518 2126 1577 2159 est,
1603 2125 1639 2150 ut
