1794 2318
677 119 730 126 -.
809 97 860 133 17
939 119 992 125 -.

52 189 198 220 cientiam
220 199 302 220 nunc
324 199 471 231 promere
493 189 665 226 attinebat?
695 190 786 234 Quae
808 196 930 220 tantum
953 190 1050 230 abest,
1072 196 1106 221 ut
1124 189 1264 220 aTacito
1286 199 1351 220 esse
1371 190 1479 230 possit,
1500 196 1535 221 ut
1557 197 1623 221 tota

52 231 131 262 haec
158 232 259 262 onatio
291 232 329 261 ad
359 232 601 262 collaudandum
630 232 764 261 militum
794 232 931 261 animum
953 242 1029 272 prae
1053 231 1201 262 Caecinae
1222 238 1254 262 et
1275 232 1393 263 Vitellii
1416 232 1546 262 saevitia
1568 232 1625 262 mi-

7 277 8 309 ]
52 274 166 304 tiorem
194 272 284 305 facta,
304 274 352 303 sit.
396 275 480 314 Lege
501 273 606 309 modo,
629 283 710 314 quae
739 280 871 314 propter
894 273 925 302 id
954 271 1057 313 ipsum
1086 273 1241 313 adscripsi
1268 273 1367 303 verba
1395 274 1566 313 superiora,
1589 280 1624 304 ut

52 324 175 345 mecum
206 315 390 344 consentias.
436 315 558 344 lteinde
581 326 643 355 quo
672 315 724 343 illa
747 317 819 345 trita
841 315 1011 354 descriptio
1034 325 1118 344 nunc
1136 315 1277 356 pertinet,
1300 316 1402 353 vulgus
1421 316 1558 345 mutabile
1580 325 1625 344 su-

7 354 8 359 *
53 356 138 386 bitis?
155 356 240 400 Quid
258 367 332 397 ergo
347 356 398 385 hic
411 354 446 385 fit
459 356 595 386 subitum
610 362 663 385 aut
677 363 801 396 praeter
817 356 1108 396 exspectationem?
1126 357 1167 386 Ut
1181 357 1261 386 enim
1276 356 1512 386 excusabundus
1529 356 1624 396 dicas,

53 397 266 438 eloquentiam
289 404 354 427 arte
376 397 528 437 trepidam
552 398 595 427 sic
617 405 720 427 tamen
744 398 848 438 aliquo
872 398 968 427 modo
997 407 1092 438 posse
1113 398 1237 435 vocari,
1264 398 1338 439 quid
1361 397 1399 427 de
1420 398 1624 439 sequentibus

7 440 8 443 ’
54 445 178 473 statues,
200 439 229 468 in
253 449 333 480 quae
356 438 434 468 haec
457 439 560 468 omnia
583 440 719 469 exeunt?
747 448 773 469 et
789 440 911 469 meliora
933 440 1167 469 constantius
1183 440 1361 478 postulando
1375 441 1623 479 —impetravere.

52 479 139 509 Nihil
168 480 219 508 hic
248 481 375 521 inquam
403 480 439 509 fit
468 491 568 521 neque
590 480 694 510 subito
718 491 823 522 neque
846 480 991 510 subitum.
1035 480 1243 525 Quapropter
1264 491 1324 521 ego
1347 480 1429 510 hunc
1451 481 1556 510 locum
1579 481 1622 510 ita

54 531 195 561 expurgo
219 528 312 562 atque
336 522 481 551 restituo:
517 523 566 552 Ne
595 523 728 552 Vitellius
752 523 867 561 quidem
894 524 982 551 minis
1004 532 1037 551 ac
1061 523 1152 551 verbis
1174 523 1365 561 temperabat,
1394 532 1461 552 cum
1485 523 1625 552 Claudius

58 563 167 592 Cossus
193 580 234 586 ·—-
261 564 362 592 militis
388 565 521 593 animum
549 565 694 601 mitigavit
720 563 821 603 effusis
847 565 985 593 lacrimis.
1029 564 1074 593 Et
1102 564 1224 594 meliora
1245 565 1426 594 constantius
1445 564 1624 604 postulando

5 603 7 629 ἔ
53 605 256 644 impunitatem
278 605 457 644 salutemque
479 606 588 634 civitati
609 608 805 645 impetravere.

711 674 741 702 H
751 673 779 702 is
790 679 810 703 t.
836 674 870 711 L,
900 673 950 704 57.

204 724 354 754 Ardorem
383 725 562 754 exercituum
587 723 826 764 Agrippinenses,
859 725 985 762 Treveri,
1008 725 1165 764 Lingones
1187 726 1359 766 aequabant,
1379 726 1502 766 auxilia,
1527 735 1626 766 equos,

54 775 148 804 orma,
166 768 305 805 pecunias
328 765 490 806 offerentes,
511 773 542 795 ut
565 767 685 805 quisque
707 777 837 805 corpore,
860 766 971 806 opibus,
995 768 1110 805 ingenio
1134 769 1256 797 validus.

204 829 273 856 Non
298 828 364 857 sine
388 837 478 857 causa
502 827 637 867 Lipsius,
666 827 837 867 Acidalius,
864 828 1027 858 Ernestius
1051 828 1091 858 de
1113 829 1190 859 vitio
1212 829 1297 858 hunc
1318 829 1425 859 locum
1446 835 1626 870 suspectum

55 866 243 898 habuerunt.
286 869 349 898 Sed
377 879 441 898 non
468 875 555 898 recte
576 869 606 898 in
630 879 667 899 eo
690 869 789 900 verbo
812 869 918 899 labem
947 880 1015 899 esse
1038 873 1209 910 putarunt,
1234 871 1319 911 quod
1347 871 1452 911 potius
1479 871 1625 901 vitiosum

56 918 120 939 esse
140 910 247 940 locum
271 911 386 951 aperit,
419 911 450 939 in
471 912 597 948 ingenio.
647 911 681 940 Id
709 911 789 941 enim
812 911 857 940 uti
878 911 908 939 in
931 921 1009 951 pace
1032 912 1074 941 ita
1096 912 1127 942 in
1150 912 1232 943 bello
1256 912 1388 942 maxime
1412 912 1625 942 necessarium

56 955 88 979 et
109 958 244 992 gratum,
266 952 397 992 requirit
417 958 518 982 tamen
538 952 657 993 aliquid
680 953 711 982 in
734 953 862 993 protasi,
885 952 1148 998 quoRreferatur,
1165 954 1374 984 obliteratum.
1420 954 1516 999 Quod
1533 953 1627 995 quale

56 991 96 1021 sit
118 993 187 1022 cod.
212 994 412 1025 Florentinus
435 993 591 1033 patefacit,
612 994 642 1023 in
666 1005 728 1035 quo
753 1001 799 1024 est
819 996 983 1033 pecuniam.
1027 995 1169 1024 Dubium
1191 995 1269 1024 mihi
1291 996 1370 1025 enim
1389 1005 1450 1024 non
1474 1001 1529 1032 est,
1552 995 1625 1036 quin

55 1031 136 1063 haec
164 1035 285 1064 librarii
314 1034 480 1064 haesitatio
509 1045 605 1065 verae
631 1035 704 1064 huic
733 1035 898 1075 scriptioni
926 1036 1080 1076 originem
1110 1036 1240 1066 debeat:
1270 1047 1370 1077 arma,
1392 1038 1563 1076 pecuniam,
1591 1046 1626 1066 se

57 1074 218 1115 offerentes.
262 1077 359 1117 quue
389 1077 450 1106 iam
479 1082 549 1107 ante
575 1086 627 1106 me
653 1077 775 1107 Riklefs
801 1077 961 1117 intellexit,
985 1078 1045 1107 nisi
1068 1078 1154 1120 quod
1181 1078 1287 1109 literas
1315 1078 1416 1108 minus
1445 1078 1574 1108 rimatus
1596 1087 1627 1107 se

57 1117 136 1155 ipsos
159 1117 231 1147 addi
252 1117 389 1147 iubebat.

727 1159 821 1189 Hist.
843 1160 876 1198 1‚,
904 1158 956 1190 58.

209 1210 370 1241 Saevitiam
391 1212 518 1241 militum
532 1212 688 1251 plerosque
709 1212 748 1240 ad
764 1222 894 1251 poenam
915 1213 1134 1251 exposcentium
1155 1213 1270 1252 saepius
1287 1212 1461 1253 adprobrat,
1484 1213 1627 1251 partim

56 1251 242 1283 simulatione
264 1253 444 1283 vinculorum
457 1255 632 1293 frustratur.

204 1304 309 1333 Libris
332 1304 528 1344 interpolatis
550 1315 623 1334 usus
647 1304 895 1345 adprobantibus
926 1305 1047 1335 cunctis
1065 1306 1175 1344 partim
1197 1304 1321 1344 Lipsius
1344 1303 1437 1335 dedit.
1481 1305 1560 1334 Nam
1581 1305 1628 1335 vi-

57 1346 170 1377 tiosam
199 1345 269 1376 cod.
297 1346 473 1376 Florentini
500 1347 668 1376 lectionem
698 1346 835 1384 librarii,
863 1353 898 1377 ut
925 1353 1031 1376 tamen
1057 1346 1177 1387 aliquid
1205 1346 1439 1387 corrigeretur,
1467 1345 1505 1376 de
1532 1356 1627 1376 sensu

57 1399 168 1429 parum
197 1387 324 1417 solliciti
353 1388 406 1417 alii
434 1394 597 1417 mutarunt
618 1388 649 1417 in
666 1399 785 1428 parum,
813 1389 864 1417 alii
886 1388 917 1417 in
934 1390 1011 1427 pari.
1054 1388 1115 1418 Sed
1136 1388 1189 1417 ille
1210 1387 1290 1418 liber
1311 1387 1408 1417 habet
1425 1398 1512 1427 paro,
1532 1388 1627 1428 quod,

58 1429 114 1470 qui
136 1431 241 1459 literas
255 1429 513 1469 Longohardicas
536 1429 736 1467 recordatur,
758 1430 860 1470 quivis
882 1429 958 1459 mihi
982 1430 1134 1459 concedet
1155 1429 1251 1460 fuisse
1272 1429 1455 1459 mutandum
1476 1429 1518 1466 in,
1539 1439 1626 1459 raro

57 1472 244 1501 simulatione
273 1471 453 1501 vinculorum
470 1472 645 1511 frustratur.
696 1471 846 1501 Similiter
872 1471 1074 1501 Boxhornius
1103 1471 1242 1501 omnium
1269 1481 1430 1500 assensum
1452 1471 1533 1510 tulit,
1555 1480 1627 1500 cum

58 1514 140 1544 Ann.
160 1513 252 1549 xm„
273 1513 302 1543 2.
325 1513 526 1542 correxisset:
548 1514 597 1542 Hi
617 1520 741 1542 rectores
763 1514 968 1552 imperatoriae
990 1515 1119 1542 iuventae
1142 1520 1178 1551 et,
1201 1523 1301 1542 rarum
1324 1514 1353 1542 in
1372 1513 1508 1542 societate
1525 1520 1627 1551 poten-

58 1555 319 1594 xiaesconcordes,
346 1562 418 1583 cum
441 1555 542 1584 codex
564 1554 738 1594 praeberet
753 1564 871 1594 parum.
914 1554 1027 1594 Pergit
1050 1554 1166 1584 deinde
1189 1554 1299 1584 eodem
1319 1554 1350 1583 in
1373 1554 1475 1594 capite
1496 1553 1628 1596 docere,

57 1596 174 1626 Julium
195 1595 377 1625 Burdonem
401 1601 470 1625 astu
492 1596 613 1627 Vitellii
634 1595 786 1626 militibus
809 1605 878 1625 esse
895 1595 1099 1625 subtractum.

209 1649 261 1678 Ita
275 1649 303 1677 in
315 1649 447 1677 custodia
465 1648 579 1677 habitus
600 1655 625 1677 et
642 1655 714 1687 post
736 1649 890 1677 victoriam
911 1649 1038 1688 demum,
1059 1649 1174 1678 statis
1195 1649 1257 1677 iam
1277 1647 1406 1677 militum
1424 1647 1510 1684 odiis,
1530 1647 1626 1676 ‹limis-

58 1700 109 1720 sus
130 1698 181 1720 est.
224 1690 258 1718 In
282 1699 345 1730 quo
357 1690 441 1721 viros
464 1689 574 1719 doctos
596 1699 701 1719 omnes
726 1689 851 1720 codices
872 1689 1080 1729 interpolatos
1103 1689 1193 1730 sequi
1211 1689 1367 1728 maluisse,
1389 1699 1482 1729 quam
1495 1688 1628 1718 Floren-

58 1732 171 1768 tinum,
197 1730 344 1761 demiror.
389 1730 508 1760 Omnes
531 1731 611 1760 enim
632 1732 732 1761 stratis
755 1741 824 1760 eum
847 1731 926 1761 odiis
949 1731 1112 1761 dimissum
1135 1730 1287 1760 scribunt.
1330 1730 1415 1776 Quid
1437 1736 1541 1760 autem
1562 1738 1627 1759 me-

58 1773 118 1803 lius
141 1773 273 1812 dicatur,
296 1782 388 1812 quam
412 1772 484 1801 odia
505 1773 578 1810 sisti,
599 1772 687 1802 velut
708 1773 820 1801 sistitur
837 1774 959 1810 sanguis
981 1779 1011 1803 et
1032 1782 1238 1813 quaecunque
1257 1781 1349 1801 cursu
1367 1771 1531 1812 praecipiti
1550 1770 1627 1800 effe-

59 1813 194 1844 runtur?
228 1823 300 1843 cum
329 1819 439 1843 contra
460 1821 553 1843 strata
574 1814 649 1853 [odia
676 1814 707 1842 in
729 1813 788 1843 hac
808 1814 959 1844 orationis
981 1814 1181 1855 simplicitate
1203 1814 1295 1843 nimis
1318 1819 1506 1854 exaggerata
1528 1811 1627 1844 videri

61 1855 211 1894 debeant3
234 1866 306 1884 nam
329 1866 345 1884 a
367 1861 555 1895 tempestate
578 1861 606 1885 et
628 1855 660 1885 vi
682 1861 848 1886 ventorum
870 1855 946 1886 haec
969 1856 1164 1897 comparatio
1187 1861 1311 1895 sumpta
1331 1854 1426 1884 foret.

208 1908 242 1936 In
264 1916 331 1946 cap.
355 1905 405 1937 64.
427 1907 524 1948 vulgo
546 1906 626 1937 haec
648 1906 798 1947 legimus:
838 1907 962 1937 Frustra
988 1909 1125 1937 adversus
1147 1906 1270 1936 Aeduos
1292 1907 1423 1946 quaesita
1444 1905 1508 1935 belli
1528 1913 1627 1935 causa.

60 1949 144 1979 Iussi
166 1949 322 1988 pecuniam
347 1956 433 1987 atque
461 1959 545 1978 arma
574 1949 717 1988 deferre
741 1951 890 1987 gratuitos
917 1951 1032 1989 insuper
1060 1956 1241 1979 commeatus
1259 1949 1424 1988 praebuere.
1467 1946 1532 1976 Sed
1555 1955 1628 1976 cum

61 1990 161 2021 codex
183 1990 311 2030 deferret,
340 1990 386 2020 ed.
409 1990 491 2030 Spir.
518 1990 658 2031 deferrent
679 1991 842 2030 praebeat,
869 1990 954 2020 haud
976 1990 1071 2020 dubie
1095 1990 1120 2020 is
1142 1990 1255 2020 modus
1275 1989 1424 2030 scriptori
1445 1987 1627 2017 reddendus

60 2037 116 2069 est,
137 2041 200 2072 quo
225 2037 314 2060 atrox
344 2031 527 2071 imperium,
563 2031 647 2061 unde
676 2031 752 2061 belli
780 2042 905 2061 causam
927 2042 962 2062 se
984 2038 1172 2074 extorquere
1199 2041 1292 2073 posse
1313 2029 1483 2071 sperabant
1504 2029 1628 2068 milites,

59 2073 168 2102 melius
190 2079 222 2102 et
242 2073 390 2113 apertius,
412 2084 506 2114 quam
528 2072 683 2103 infinitivo
706 2073 899 2115 depingitur.
942 2074 1097 2104 Similiter
1113 2084 1205 2115 saepe
1218 2073 1252 2104 in
1270 2082 1364 2103 causa
1381 2071 1475 2102 simili
1486 2071 1627 2102 locutum

60 2114 206 2144 Tacitum
226 2124 295 2145 esse
310 2116 398 2152 ,anno
421 2114 586 2155 superiore
606 2114 742 2146 vidimus
764 2115 805 2145 ad
824 2117 906 2147 Anu.
927 2115 1078 2155 xl1.,149.

1270 2146 1330 2204 ἐπὶ)
