1794 2318
765 125 814 132 .-.
893 101 920 139 8
999 126 1046 132 —

266 208 390 240 Reduxi
418 207 507 239 varie
537 207 728 237 demutatam
758 206 829 236 cod.
855 206 1057 247 scripturam,
1085 205 1146 236 nisi
1169 204 1255 247 quod
1275 205 1313 236 vi
1336 205 1435 247 omisi,
1462 207 1548 248 quod
1571 207 1602 237 in
1626 208 1697 239 cod.

109 286 155 311 est
176 283 263 319 post,
297 276 452 314 auditu;
485 275 529 305 sic
560 274 703 316 quidem:
735 273 836 304 breve
867 273 975 303 auditu
996 273 1036 303 vi.
1092 273 1219 319 Quippe
1243 280 1423 304 correctum
1445 275 1570 315 vitium,
1599 255 1698 307 brettis

109 328 231 352 temere
254 328 313 348 nec
338 328 393 347 suo
417 318 489 346 loco
512 317 542 345 in
566 317 650 357 ipsos
669 326 779 345 versus
800 321 966 355 receptum
987 314 1145 355 putabam.
1189 315 1339 346 Ceterum
1364 315 1533 356 adpulsu
1556 317 1696 347 litoris

108 361 263 404 plerique,
286 359 393 389 nescio
417 368 482 397 cur,
512 358 729 387 ostenduntur.
776 357 871 398 Atqui
894 368 931 387 eo
955 356 1093 388 ablativo
1116 356 1214 387 multo
1238 358 1431 397 praesentius
1455 358 1589 388 militum
1611 358 1697 390 fero-

109 403 254 434 cientium
288 400 401 430 caedes
438 407 509 430 ante
543 400 651 430 oculos
687 399 831 440 ponitur,
870 409 964 440 qnam
998 409 1052 433 eo,
1094 398 1179 440 quod
1209 398 1283 428 libri
1313 399 1493 440 interpolati
1524 400 1698 442 corrigunt,

110 444 302 485 appulsus
324 441 450 471 litori.
495 443 567 471 Hoc
591 442 673 471 enim
698 440 864 481 participio
888 441 919 469 id
941 446 1060 470 tantum
1076 440 1239 480 docemur,
1262 451 1330 471 eum
1345 447 1416 481 post
1431 452 1519 471 mare
1534 442 1697 473 traiectum

109 484 313 522 occubuisse3
337 484 402 518 illo,
426 490 459 513 ut
482 484 618 523 primum
641 490 759 513 terram
784 483 947 523 attigisset,
971 482 1000 511 in
1025 483 1094 521 ipso
1117 482 1219 513 litoris
1243 483 1388 523 adpulsu,
1412 493 1480 514 esse
1496 483 1696 514 trucidatum.

109 527 310 566 Eandemque
324 525 475 554 ferociam
490 525 585 554 habet
599 536 687 565 uxor,
710 535 779 554 cum
799 535 833 554 se
849 524 1091 564 percussoribus
1115 523 1287 565 obtulisset,
1309 524 1486 555 interfecta.
1530 525 1611 555 Nam
1632 535 1697 556 non

111 575 223 609 sponte
246 567 330 596 illam
357 576 390 595 se
413 566 575 602 obtulisse,
599 567 653 596 sed
675 576 749 595 casu
772 562 837 596 esse
861 565 998 595 oblatam
1020 565 1174 606 particula
1199 576 1281 596 cum
1305 566 1506 606 comprobat.
1549 567 1698 608 Denique

109 608 343 639 transibant
372 609 468 637 inulto
500 619 593 649 quant
624 608 709 649 quod
739 608 902 648 ingerunt,
936 607 1142 637 transibat
1171 608 1308 638 limatius
1336 608 1461 639 dicitur.
1512 608 1591 639 Nam
1619 607 1697 638 illud

109 657 288 691 torpentem
312 650 434 679 voracis
458 649 593 680 hominis
617 650 791 690 ignaviam,
827 660 887 691 qua
912 655 1022 678 cuncta
1046 650 1090 679 sic
1111 656 1227 680 temere
1248 648 1479 690 praeterfluere
1501 662 1563 681 non
1587 656 1698 680 curata

63 694 69 700 '
110 692 242 730 sinebat,
265 692 392 732 egregie
416 691 518 727 docet,
542 691 616 720 dum
641 691 848 727 transitivum,
872 690 1074 721 transibat
1098 691 1234 731 aliquam
1258 698 1359 722 tamen
1390 692 1420 721 ei
1450 692 1560 722 tribuit
1588 701 1697 722 curam

110 734 320 775 negotiorum.
370 733 452 762 Hinc
483 743 561 762 vero
591 733 750 774 sequentis
779 733 930 763 orationis
960 732 1075 762 divisio
1105 732 1232 772 pendet.
1277 733 1327 762 Dc
1350 743 1388 763 eo
1411 733 1559 763 dubitare
1581 733 1696 775 aliquis

109 775 220 816 possit,
253 785 315 815 quo
339 783 374 803 ea
398 773 496 803 verba
519 774 708 814 pertineant,
742 773 846 814 „Nihil
879 775 1234 815 eorum-anqtiiretite.“
1276 774 1352 804 Mihi
1382 782 1491 804 natura
1521 774 1696 805 verborum

110 816 315 857 sequentium,
345 815 695 854 „Brevi-t1·ansibant,“
731 825 811 856 quae
833 816 1025 846 sententiose
1049 816 1272 855 proferuntur,
1306 817 1468 856 postulare
1491 816 1635 853 videtur,
1661 822 1697 847 ut

110 856 368 898 praecedentibus
395 856 556 886 accedant.
607 858 714 897 Adde,
750 857 837 898 quod
865 857 960 898 plane
989 868 1006 887 e
1034 857 1136 887 'faciti
1165 867 1253 888 more
1280 863 1328 887 est
1354 857 1511 888 eiusmodi
1534 857 1696 888 absolutos

111 899 263 929 ablativos
285 898 369 927 velut
388 898 582 939 negligenter
606 899 786 929 adnectere.

260 950 368 981 nist.
389 950 449 979 11.
474 956 507 978 ο.
531 948 605 979 63.
650 951 880 984 „cunctantem
902 957 999 987 super
1021 954 1107 977 tanta
1138 957 1173 977 re
1205 948 1347 979 Flavium
1377 948 1530 979 Sabinum
1561 950 1696 991 Triaria,

110 992 202 1022 Lucii
224 990 341 1021 Vitellii
363 1000 452 1024 uxor,
482 989 563 1018 ultra
586 989 735 1019 feminam
764 988 855 1019 ferox
886 989 1016 1021 terruit:
1053 989 1080 1018 E
1108 989 1298 1029 periculo
1326 990 1532 1031 principis
1555 991 1696 1027 famam

111 1032 349 1064 clementiae
371 1031 636 1061 affectaret&

259 1083 396 1113 Reddidi
418 1083 486 1112 cod.
509 1083 686 1120 lectionem,
709 1084 740 1113 in
763 1094 826 1124 quo
849 1083 946 1114 Furia
968 1093 1069 1124 acque
1093 1091 1129 1112 ac
1152 1082 1276 1122 Rycltio
1300 1089 1442 1124 auctore,
1472 1084 1696 1116 affectaret

111 1125 267 1157 scribitur.
311 1125 459 1165 Plerique
482 1134 526 1154 ne
556 1124 785 1156 affectaret
815 1125 990 1165 corrigunt.
1030 1124 1096 1160 ,Sed
1121 1124 1161 1153 ita
1185 1125 1302 1154 nullam
1323 1125 1365 1155 ob
1386 1135 1509 1156 causam
1533 1126 1695 1168 egregiam

112 1168 300 1208 imperiosae
315 1167 451 1196 mulieris
469 1167 639 1197 orationem
656 1167 746 1197 nobis
760 1167 906 1208 eripiunt.
950 1168 1028 1196 Nam
1054 1164 1272 1197 affectaret
1293 1173 1340 1197 est
1361 1167 1525 1198 minaciter
1544 1168 1695 1199 iubentis:

113 1211 173 1239 Iret
196 1216 288 1249 atque
311 1207 424 1237 famant
449 1208 631 1247 clementiae
655 1209 836 1239 affectaret!
881 1210 915 1238 E
937 1218 1075 1249 quoque,
1098 1217 1136 1237 ex
1159 1208 1227 1248 ipso
1250 1209 1404 1249 principis
1426 1210 1583 1250 periculo,
1609 1210 1696 1241 belle

114 1251 241 1288 dicitur,
262 1256 297 1279 ut
319 1250 348 1278 in
369 1249 495 1279 homine
518 1250 582 1280 miti
606 1257 637 1281 et
659 1251 785 1292 gravius
809 1250 1030 1281 conterrendo.

263 1312 371 1344 llist.
400 1314 459 1344 ΙΙ.
490 1321 526 1343 e.
555 1313 630 1345 65.
674 1313 878 1353 „Digressum
916 1322 933 1341 a
962 1311 1120 1349 Lugduno
1151 1311 1316 1341 Vitellium
1348 1312 1389 1341 M.
1426 1311 1556 1342 Cluvius
1591 1309 1695 1343 Rufus

116 1353 312 1395 adsequitur,
336 1353 447 1384 omissa
470 1355 621 1394 Hispania
642 1355 793 1384 laetitiam
818 1360 847 1384 et
869 1353 1109 1393 gratulationem
1134 1352 1221 1383 voltu
1244 1352 1381 1383 ferens.“

264 1406 348 1435 Leve
371 1411 433 1443 est,
465 1416 521 1435 nec
544 1412 648 1436 tamen
676 1406 843 1444 silendum,
875 1406 920 1435 sic
951 1415 1018 1435 esse
1051 1404 1354 1445 interpungendum,
1384 1416 1463 1442 non,
1493 1402 1704 1446 „adsequitur

116 1448 230 1478 omissa
255 1447 422 1486 Hispania,
463 1447 611 1477 laetitiam
639 1466 676 1470 —
705 1448 843 1480 ferens.“
906 1447 985 1475 Nam
1021 1446 1204 1486 Hispaniam
1235 1446 1260 1475 si
1290 1446 1365 1476 illuc
1399 1446 1554 1486 referres,
1600 1456 1695 1476 unam

115 1490 268 1527 notitiam,
289 1488 373 1517 unde
395 1489 543 1527 venisset,
568 1490 762 1526 contineret3
792 1489 830 1519 ad
853 1487 1028 1529 sequentia,
1059 1497 1183 1517 causam
1206 1487 1317 1526 habet3
1344 1487 1588 1528 gratulationem
1611 1487 1696 1517 enim

116 1532 235 1560 laturus
262 1530 458 1569 provinciam
489 1531 641 1561 omiserat.
697 1531 791 1574 Quod
821 1538 924 1560 autem
952 1540 1014 1559 non
1047 1529 1179 1565 laturus,
1224 1529 1280 1559 sed
1316 1528 1422 1559 ferens
1455 1529 1694 1570 gratulationem

117 1572 244 1601 Tacitus
267 1571 352 1605 dicit,
382 1571 455 1601 inde
478 1580 533 1610 est,
568 1573 639 1613 quia
663 1569 774 1603 voltu
797 1572 903 1602 addito
927 1571 956 1600 in
982 1581 1094 1599 novam
1117 1581 1185 1600 rem
1208 1570 1325 1606 incidit,
1359 1578 1393 1600 ut
1414 1581 1510 1611 saepe
1531 1571 1695 1611 complura

118 1612 280 1643 includere
302 1612 332 1641 in
355 1614 485 1642 eandem
508 1614 690 1643 sententiam
714 1622 741 1644 et
765 1614 923 1644 declinare
944 1612 1072 1652 paulum
1095 1613 1270 1643 orationem
1292 1611 1426 1642 adsolet.

266 1663 367 1693 Paulo
399 1673 468 1704 post
496 1674 580 1695 recte
608 1666 723 1696 vidisse
750 1665 929 1695 Ernestium
960 1664 1084 1699 iudico,
1128 1663 1181 1705 qui
1207 1658 1277 1703 post
1305 1660 1629 1703 „praescripsissem
1657 1669 1695 1692 et

119 1705 271 1737 excidisse
292 1713 374 1735 ratus
396 1707 590 1747 corrigebat:
614 1709 678 1741 „Et
702 1705 994 1748 interpretabatut·.“
1037 1705 1112 1734 Sine
1128 1715 1163 1734 ea
1179 1705 1331 1744 particula
1347 1705 1506 1746 sequentia
1519 1704 1695 1744 simplicem

119 1747 272 1789 quandam
302 1754 330 1776 et
355 1746 457 1777 obiter*
486 1743 761 1779 commemoratam
792 1748 932 1779 notitiam
959 1746 1122 1777 adderent.
1170 1747 1215 1776 Et
1239 1754 1283 1776 est
1305 1746 1528 1786 emphaticum‚
1554 1753 1585 1776 et
1607 1755 1695 1785 sane3

119 1800 179 1831 qua
201 1799 264 1818 non
287 1788 354 1818 sine
376 1798 561 1828 argumento
583 1789 733 1820 mansisse
755 1790 985 1820 accusationem
1008 1788 1168 1818 discimus.

266 1845 379 1875 Ibid.
424 1846 507 1876 Nihil
521 1847 744 1888 corrigendum
767 1848 816 1877 his
839 1847 870 1876 in
894 1845 1016 1877 verbis:
1039 1843 1189 1884 „Cluvius
1210 1842 1370 1875 comitatui
1382 1843 1534 1883 principis
1548 1842 1695 1881 adiectus,

118 1897 181 1916 non
201 1886 345 1926 adempta
369 1887 529 1927 Hispania,
550 1900 642 1929 quam
665 1890 745 1919 rexit
768 1889 891 1924 absens,
915 1886 1108 1926 exemplo.
1152 1886 1187 1914 L.
1206 1884 1388 1915 Arruntium
1411 1884 1559 1914 Tiberius
1583 1885 1696 1915 Caesar

120 1928 160 1958 ob
183 1936 312 1967 metum,
332 1928 474 1959 Vitellius
497 1931 644 1960 Cluvium
667 1931 751 1960 nulla
774 1930 947 1960 formidine
968 1926 1155 1967 retinebat.“

268 1980 478 2020 Exemplo,
511 1989 543 2011 ut
573 1982 640 2012 aliis
667 1974 813 2022 plurimis
843 1981 936 2018 locis,
967 1979 1109 2010 absolute
1127 1978 1264 2018 ponitur.
1310 1976 1461 2017 Sequitur
1484 1976 1698 2017 exemplorum

121 2021 323 2061 comparatio.

268 2073 381 2103 Ibid.
425 2072 556 2112 „Missus
592 2073 623 2102 in
652 2073 759 2103 locum
793 2072 860 2102 eius
890 2070 1015 2104 Vettius
1045 2070 1195 2100 Bolanus.
1251 2069 1278 2099 E
1311 2069 1532 2110 praesentibus
1565 2069 1700 2110 angebat

121 2113 282 2144 Vitellium
305 2114 458 2144 victarum
481 2114 639 2155 legionum
662 2114 906 2156 haudquaquam
927 2112 1046 2142 fractus
1070 2111 1220 2142 animus.“

1772 1941 1783 2318 --—.....--.-.....-..--⁴
