1794 2318
695 72 983 108 -9-

53 172 124 202 loco
147 171 239 200 etiam
265 170 302 199 ab
326 170 385 199 hac
408 175 498 208 parte
521 166 669 196 laborare
692 165 845 205 videmus,
876 165 924 196 vel
946 171 1019 205 post
1038 165 1268 195 recentissimas
1293 165 1410 196 Orellii
1433 175 1533 196 curas.
1572 166 1629 196 Est

53 219 157 243 autem
180 213 205 242 is
229 212 379 243 Horatius
402 211 433 239 in
456 212 515 250 Ep.
540 208 663 238 adPis.
687 219 731 238 vs.
754 207 826 244 251,
848 217 917 248 sqq.
941 216 1020 248 quos
1044 207 1086 237 ita
1106 207 1325 248 interpunges:

355 262 471 294 Syllaba
490 262 575 295 longa
593 261 674 286 brevi
695 260 824 285 subiecta
847 265 968 285 vocatur
986 261 1106 286 iambus.

355 297 415 320 Pes.
430 296 515 325 cium
544 295 620 320 uncle
641 295 725 320 etiam
746 293 880 319 trimetris
897 301 1061 319 accrescere
1081 294 1160 320 iussit

356 330 468 354 Nomen
490 328 616 359 iambeis,
640 336 704 352 cum
724 336 808 352 senos
827 326 965 352 redderet
984 328 1064 352 ictus.

356 363 469 387 Primus
488 363 523 387 ad
543 367 703 387 extremum
722 361 820 385 similis
839 360 902 392 sihi,
924 370 981 385 non
1002 361 1039 385 ila
1058 361 1180 394 pridem,
1198 376 1232 381 —

355 397 477 421 'tardior
498 401 527 421 nt
547 396 634 429 paulo
657 395 831 428 graviorque
851 394 962 419 veniret
980 394 1014 419 ad
1034 395 1121 426 auris,
1140 409 1173 414 »-

355 430 508 463 Spondeos
531 429 637 454 stabilis
657 429 684 452 in
704 429 768 453 iura
787 433 907 461 paterna
927 427 1045 461 recepit,

356 463 533 488 Commodus
555 468 580 487 et
599 462 725 496 patien53
758 470 815 485 non
836 466 867 486 ut
886 461 921 486 de
940 461 1007 486 sede
1030 461 1157 486 secunda

357 497 479 522 Ccderct
499 502 546 521 aut
566 501 669 530 quarta
690 495 843 520 socialiter.
880 495 932 520 Hic
952 500 979 519 ct
998 495 1026 520 in
1046 494 1114 520 Acci

357 530 514 555 Nobilibus
535 529 669 554 trimetris
688 533 810 563 apparet
830 536 922 559 rarum,
943 533 994 554 etc.

55 578 253 622 Quamquam
281 575 352 615 plus
376 575 469 604 etiam
499 573 761 613 interpretatione
784 583 877 613 quam
900 573 1157 613 interpunctione
1178 574 1332 614 agendum
1352 583 1408 606 est.
1451 579 1531 608 Nam
1551 579 1631 612 haec

55 619 200 660 quidem,
227 617 258 646 in
280 616 377 646 rebus
400 616 501 645 minus
523 615 688 655 gravibus,
717 614 755 643 ab
776 614 842 643 aliis
870 615 958 644 aliter
984 615 1104 644 institui
1133 616 1261 655 poterit.
1310 617 1421 648 Veluti
1446 627 1537 650 erunt
1565 621 1631 653 for-

55 667 150 698 tasse,
172 659 225 700 qui
246 658 360 697 verba,
382 659 455 687 unde
478 659 566 686 etiarn
593 674 624 678 —-
650 658 739 695 ictus,
767 655 950 696 parenthesi
973 656 1161 686 includenda
1181 657 1303 695 dicant,
1331 666 1365 689 ut
1387 661 1489 691 oratio
1511 662 1557 692 sic
1578 674 1632 694 co-

54 702 196 742 puletur:
227 701 291 730 Pes
320 702 402 737 citus,
429 717 470 721 ——-
490 700 605 737 primus
634 699 673 727 ad
699 706 864 727 extremum
890 699 995 727 similis
1022 699 1077 727 sibi
1103 705 1162 728 etc.
1205 700 1269 728 Res
1296 700 1404 742 itaque
1433 712 1479 744 ea,
1513 703 1544 733 in
1571 717 1631 746 qua

56 743 157 773 omnis
187 742 282 771 cardo
314 747 466 779 versatur,
497 741 575 769 haec
603 745 659 776 est,
685 746 720 769 ut
746 739 949 780 intelligatur,
979 750 1041 769 non
1071 740 1112 769 de
1140 740 1225 770 omni
1247 741 1351 772 iambo
1373 753 1459 773 nunc
1479 748 1621 788 praecipi

56 784 108 815 sed
132 783 171 813 de
193 783 297 813 iambo
322 784 477 811 Romano.
521 780 614 827 Quod
637 781 663 810 si
686 781 843 818 statuitur,
878 781 977 810 omnis
1001 781 1117 811 excidit
1139 788 1271 821 repente
1295 793 1329 813 ea
1351 784 1527 824 admiratio,
1553 772 1632 830 quae

57 835 115 855 cur
136 825 177 854 <te
200 834 237 854 eo
259 824 394 853 maxime
419 830 521 852 metro
545 823 659 852 docere
681 822 833 860 voluerit,
861 832 969 851 omnes
997 823 1187 863 interpretes
1214 824 1285 853 iure
1307 827 1441 857 vexavit.
1484 829 1556 859 Hoc
1575 830 1632 861 iai-

16 874 21 878 '
55 873 108 897 tur
130 866 279 897 Horatius
301 865 394 894 dicit:
415 865 543 894 Jambus
562 865 721 894 Romanus
744 873 799 904 pes
823 864 901 893 citus
924 870 988 902 est3
1010 864 1095 893 unde
1119 865 1213 894 etiam
1237 876 1253 894 a
1275 866 1420 897 trimetro
1438 868 1458 898 i.
1482 880 1506 900 e.
1529 882 1545 900 a
1568 853 1632 902 tgr-

56 908 146 938 nario
169 917 302 937 nurnero
324 908 409 936 crevit
431 905 513 946 apud
536 916 593 935 nos
616 915 748 944 nomen,
783 912 812 935 et
839 915 970 935 numero
992 905 1154 945 duplicato
1178 907 1318 937 senarius
1342 908 1445 940 dictus
1462 917 1525 950 est,
1562 923 1632 944 cum

56 961 118 981 non
140 955 258 989 ternos,
278 954 314 978 ut
336 948 417 988 apud
441 949 591 984 Graecos,
613 947 669 977 sed
692 957 784 977 senos
807 946 887 977 ictus
908 947 1062 977 redderet.
1105 949 1134 977 Is
1154 959 1264 978 versus
1285 960 1380 991 quum
1395 951 1448 981 diu
1470 954 1553 994 apud
1574 966 1632 987 nos

56 997 190 1032 propter
212 990 365 1030 spondeos
386 990 416 1018 in
439 999 547 1019 omnes
569 989 660 1018 sedes
682 989 833 1018 admissos
855 988 894 1017 ab
917 989 1005 1019 initio
1035 989 1074 1018 ad
1103 989 1198 1019 finem
1228 990 1287 1020 sibi
1315 992 1424 1022 similis
1454 1002 1542 1034 esset,
1570 1008 1633 1029 non

56 1034 98 1063 ita
120 1032 243 1072 pridem
261 1032 374 1071 pedem
397 1031 483 1060 hunc
506 1031 650 1060 stabilem
671 1030 702 1059 in
725 1030 816 1059 sedes
838 1036 997 1070 paternas,
1019 1031 1165 1070 impares,
1188 1042 1269 1072 quae
1288 1033 1316 1062 ei
1337 1044 1354 1062 a
1377 1033 1503 1065 Graecis
1525 1046 1634 1069 aucto-

56 1074 145 1104 ribus
159 1079 249 1102 erant
261 1082 441 1109 concessae,
453 1072 582 1112 recepit,
592 1079 626 1101 ut
640 1072 734 1111 paulo
747 1071 876 1111 gravior
893 1071 932 1101 ad
950 1082 1041 1102 aures
1060 1073 1242 1110 accederet3
1255 1074 1453 1106 solutissimis
1468 1077 1548 1108 enim
1562 1088 1634 1112 ante

57 1114 227 1156 anapaesti,
243 1114 368 1154 dactyli,
385 1113 658 1154 proceleusmatici
670 1113 805 1153 pedibus
820 1112 940 1142 ruebat.
979 1115 1020 1143 Et
1038 1120 1086 1143 est
1102 1114 1155 1143 ille
1173 1115 1299 1155 quidem
1317 1123 1429 1148 natura
1449 1122 1633 1153 commodus

59 1167 94 1187 ac
108 1157 230 1197 patiens
249 1155 380 1194 iambus,
397 1156 452 1185 scd
469 1166 531 1185 non
551 1166 621 1185 eum
639 1156 669 1184 in
683 1155 824 1191 modum,
844 1160 879 1183 ut
894 1155 986 1184 etiam
1005 1155 1044 1185 de
1061 1156 1197 1185 secunda
1212 1163 1388 1199 quartaque
1400 1160 1473 1190 sede
1484 1167 1634 1203 tanquam

57 1199 160 1229 honus
184 1198 310 1238 quidam
334 1198 439 1227 socius
461 1197 605 1237 spondeo
627 1196 760 1227 robusto
790 1205 826 1225 ac
850 1195 956 1225 stabili
979 1197 1115 1226 cesserit.
1158 1198 1220 1227 Hic
1237 1209 1316 1229 vero
1333 1210 1388 1240 pes
1404 1201 1529 1232 limatus
1543 1215 1633 1236 rarus

58 1241 88 1269 in
109 1239 210 1270 Accio
240 1245 297 1278 cst,
324 1249 413 1268 rarus
441 1239 472 1267 in
494 1239 607 1269 Ennio.
652 1238 739 1283 Quot
763 1237 905 1277 partibus
933 1238 1013 1268 haec
1038 1238 1259 1278 interpretatio
1288 1251 1350 1282 quo
1378 1242 1447 1272 iure
1470 1255 1487 1273 a
1509 1246 1633 1287 vulgari

57 1281 203 1317 recedat,
230 1290 314 1310 nunc
340 1291 402 1310 non
435 1290 601 1319 exponam.
652 1279 716 1309 Sed
748 1279 825 1308 duas
854 1289 904 1309 res
925 1280 1019 1310 velim
1044 1280 1155 1309 audire
1178 1281 1288 1321 abiis,
1316 1283 1370 1323 qui
1392 1285 1484 1315 aliter
1507 1286 1632 1319 docent.

57 1323 218 1357 Primum,
249 1332 311 1362 quo
335 1322 404 1351 iure
427 1332 532 1351 nomen
556 1332 764 1351 accrescere
787 1322 924 1350 trimetris
947 1321 989 1351 ita
1011 1323 1272 1361 interpretentur,
1299 1330 1332 1353 ut
1360 1325 1499 1356 iambum
1527 1328 1634 1361 dicant

57 1364 100 1394 ob
122 1364 317 1394 celeritatem
346 1364 456 1393 vocari
482 1364 670 1404 trimetrum,
692 1373 883 1403 quamquam
910 1373 1004 1393 senos
1033 1364 1113 1393 ictus
1139 1363 1268 1394 referat.
1312 1366 1409 1405 Nam,
1443 1375 1477 1398 ut
1506 1370 1565 1399 alia
1587 1378 1633 1401 ta-

58 1416 164 1446 ceam,
192 1411 300 1445 aperte
324 1405 371 1434 'ita
399 1405 652 1445 interpretaturis
681 1416 744 1435 non
773 1406 859 1434 crevit
887 1414 1019 1440 nomen,
1050 1404 1106 1434 sed
1131 1405 1235 1435 ‘altero
1258 1413 1345 1437 tanto
1367 1410 1496 1440 decrevit.
1539 1413 1632 1443 Nunc

59 1453 164 1477 autem
193 1457 307 1476 nomen
334 1446 471 1476 trimetri
498 1457 562 1476 non
588 1453 707 1476 tantum
737 1446 813 1475 dicit
841 1447 960 1475 crevisse
985 1446 1149 1486 Horatius,
1176 1447 1231 1477 sed
1258 1449 1351 1478 etiam
1378 1455 1544 1492 accrevisse,
1564 1455 1583 1483 i.
1607 1466 1631 1485 e.

57 1489 251 1518 incrementa
275 1489 437 1527 accepisse
458 1499 548 1518 nova.
590 1489 680 1517 Nova
702 1498 782 1518 vero
805 1497 841 1516 ea
857 1487 941 1516 haud
964 1487 1060 1517 dubie
1082 1496 1285 1520 accesserunt
1307 1491 1346 1520 ad
1365 1502 1480 1523 nomen
1503 1495 1633 1536 aliquod

56 1530 156 1570 prius,
178 1530 197 1558 i.
219 1540 243 1559 e.
266 1529 434 1566 Graecum,
458 1540 493 1559 ac
516 1540 576 1569 per
597 1529 742 1559 homines
765 1529 894 1571 quidem
916 1530 1088 1559 Romanos.
1113 1531 1264 1568 ‚Deinde,
1281 1532 1409 1563 Primus
1420 1536 1459 1565 ad
1469 1545 1633 1569 extremum

58 1572 162 1601 similis
188 1572 242 1601 sibi
272 1571 433 1611 plerisque
462 1571 606 1601 omnibus
636 1570 763 1600 iambici
798 1571 901 1610 metri,
933 1582 996 1600 non
1025 1571 1122 1607 iambi
1153 1573 1296 1611 Romani,
1324 1575 1424 1615 qualis
1453 1585 1522 1608 erat
1548 1580 1633 1620 apud

60 1613 215 1653 antiquos,
253 1612 395 1642 definitio
423 1622 492 1642 esse
521 1613 585 1641 visa
617 1619 674 1642 est.
718 1612 782 1642 Sed
810 1622 847 1642 ea
869 1612 996 1653 quidem
1020 1619 1073 1642 aut
1094 1613 1180 1643 nulla
1204 1621 1251 1644 est
1273 1622 1326 1645 aut
1346 1615 1436 1647 falsa.
1478 1620 1559 1649 Nam
1581 1629 1634 1652 aut

59 1654 179 1694 pariter
202 1654 305 1684 omnia
326 1661 425 1683 metra
450 1654 659 1694 amplectitur,
681 1654 832 1694 siquidem
855 1653 971 1683 eisdem
994 1654 1128 1694 pedibus
1152 1655 1191 1684 ab
1213 1656 1301 1686 initio
1318 1657 1357 1687 ad
1379 1658 1471 1690 finem
1489 1663 1633 1701 repetitis

61 1699 204 1725 constant
224 1695 343 1733 omnia3
366 1705 470 1736 neque
492 1696 589 1735 igitur
613 1695 752 1725 delinitio
775 1695 872 1724 iambi
893 1701 957 1732 est3
986 1702 1039 1725 aut
1061 1696 1139 1726 falsa
1163 1703 1218 1736 est,
1245 1699 1317 1739 quia
1339 1702 1492 1731 maiorem
1513 1703 1632 1743 pedum

60 1737 247 1766 varietatem
269 1736 392 1766 iambus
415 1737 559 1776 admittit,
580 1747 674 1778 quam
696 1737 755 1766 alia
778 1743 878 1766 metra
900 1737 1007 1766 multa.
1051 1738 1106 1767 Sin
1124 1744 1228 1768 autem
1244 1740 1323 1770 haec
1340 1741 1481 1772 inunum
1495 1751 1632 1776 metrum

60 1779 277 1808 Romanorum
299 1778 464 1849 zutiquum
484 1778 599 1809 cadere
613 1779 817 1817 concesseris,
839 1778 992 1819 pleraque
1007 1780 1123 1820 omnia,
1146 1790 1227 1821 quae
1240 1783 1403 1824 proposui,
1423 1793 1632 1818 consecutura

61 1825 174 1860 sponte
197 1826 296 1849 conce
321 1829 362 1849 es.

210 1870 274 1901 Sed
297 1882 394 1912 quum
416 1872 511 1901 semel
534 1871 574 1901 ad
595 1872 764 1903 Horatium
786 1872 972 1911 venerimus,
995 1872 1091 1902 alium
1112 1874 1179 1904 eius
1202 1874 1308 1907 locum
1326 1877 1557 1908 vexatissimum
1579 1891 1633 1921 ap-

59 1922 228 1960 pouamus,
251 1923 357 1984 (Ἡξεῇῐι
390 1912 523 1985 ευῃέξιῐι
550 1923 649 1953 parva
679 1914 938 1955 interpunctionis
961 1925 1023 1956 ope
1045 1915 1243 1956 interpretati
1264 1916 1357 1948 nobis
1378 1919 1533 1950 videmur.
1574 1922 1633 1952 Est

59 1964 86 1983 1s
107 1964 138 1982 m
161 1963 227 1982 e1us
298 1964 314 1983 e
342 1964 371 1993 o,
393 1964 438 1984 vs.
508 1965 515 1983 :

361 2007 456 2032 carne
477 2012 571 2033 tamen
590 2008 719 2042 quamvis
739 2008 821 2034 distat
838 2009 909 2034 nihil
929 2009 981 2034 hac
999 2008 1086 2043 magis
1104 2009 1161 2041 illa,

59 2051 116 2092 qui
141 2056 295 2098 quantum
323 2060 432 2098 omnes
460 2052 641 2083 eiemciare
664 2052 775 2093 soleat,
806 2063 842 2084 ex
863 2054 935 2087 VV.
956 2054 1028 2084 DD.
1051 2054 1285 2086 commentariis
1307 2055 1420 2087 discas.
1462 2057 1533 2100 Ego
1553 2067 1631 2090 vero

62 2091 265 2123 difficultates
286 2098 330 2122 ita
353 2092 507 2125 dissolvo:

1263 2152 1331 2190 (2)

1282 2222 1313 2230 ..-
