1794 2318
778 137 829 145 ..-
910 113 960 149 12
1038 134 1090 140 -.

301 217 335 245 In
358 214 457 254 capite
476 213 533 244 42:
566 211 656 253 Quod
676 219 726 239 seu
738 207 831 248 finxit
845 207 1025 249 formidine,
1061 215 1112 234 seu
1136 203 1312 233 conscientia
1335 202 1547 231 coniurationis
1570 201 1722 241 confessus

157 266 206 294 est,
228 258 280 287 huc
301 275 341 280 —-
362 258 421 286 eius
443 256 501 283 vita
522 271 563 275 -
585 253 710 288 inclinat,
732 250 757 279 si
779 250 983 279 conscientiam
1009 245 1172 286 legendam
1196 244 1291 281 aiunt,
1317 243 1454 282 argutari
1475 242 1722 273 mihividentur.

155 300 234 328 Nam
261 289 384 338 poteras
412 296 530 331 dicere,
561 293 646 334 quod
669 303 720 322 seu
743 291 846 327 finxit,
877 300 934 319 seu
957 287 1118 318 confessus
1142 292 1202 323 est,
1236 286 1323 325 eique
1347 284 1461 313 deinde
1486 290 1624 325 utroque
1648 284 1722 314 loco

156 350 280 370 causam
307 340 355 369 vel
380 336 513 367 fictionis
540 335 591 365 vel
619 332 824 364 confessionis
852 331 988 361 ablativo
1019 329 1202 369 adiungere.
1253 327 1346 364 Nam,
1375 326 1454 365 quod
1481 331 1583 355 totum
1605 324 1725 356 factum

156 380 345 422 praecedens
366 376 596 418 complectitur.

825 436 890 465 His
899 442 919 465 t.
942 437 975 475 L,
998 434 1046 466 43.

304 500 457 538 Insignem
476 499 525 528 illa
547 499 591 527 die
613 498 706 527 virum
719 496 925 535 Sempronium
941 495 1079 523 Densum
1091 501 1172 523 aetas
1184 500 1285 522 nostra
1307 493 1385 521 vidit.
1436 491 1576 520 Centurio
1600 492 1624 520 is
1644 501 1725 529 prae-

159 542 249 571 toriae
277 542 404 571 cohortis
432 552 451 569 α
480 540 597 568 Galba
626 539 824 568 custodiae
854 537 1012 566 Pisonis
1038 536 1202 570 additus,
1230 535 1330 562 stricto
1347 534 1480 572 pugione
1502 542 1653 562 occurrens
1676 542 1720 561 ar-

158 583 245 611 matis
266 590 292 612 et
313 584 403 612 scelus
423 582 617 620 exprobrans,
639 590 672 609 ac
694 580 782 608 modo
806 588 911 615 mann,
940 578 1029 607 modo
1052 587 1119 606 voce
1143 576 1275 605 vertendo
1298 577 1328 604 in
1349 586 1378 604 se
1392 584 1597 613 percussoreS,
1622 584 1726 613 quam-

159 634 247 662 quam
267 624 423 658 vulnerato,
446 623 555 652 Pisoni
575 621 717 662 effugium
741 621 825 649 dedit.

307 683 480 722 Scrupulus
510 688 580 711 ante
608 680 710 710 omnia
733 679 784 709 hic
805 678 1026 717 interpretibus
1050 678 1231 708 eximendus
1255 678 1390 707 videtur.
1434 679 1512 707 Nam
1536 686 1630 718 quum
1651 675 1726 704 Plu-

161 725 284 755 tarchus
307 730 338 753 et
357 723 533 762 xiphilinus
555 722 775 761 Sempronium
799 721 828 749 in
853 720 1047 750 defendendo
1061 720 1160 750 Galba
1185 720 1337 749 cecidisse
1360 719 1493 758 tradant,
1509 718 1637 748 Tacitus
1661 716 1728 746 eius

160 765 343 797 fortitudine
366 764 516 804 effugium
537 764 642 793 datum
662 773 727 793 esse
742 762 849 791 Pisoni
864 761 954 798 dicat,
977 762 1158 801 discrepare
1175 761 1213 790 de
1237 761 1321 791 sacto
1345 760 1427 790 inter
1449 770 1482 790 se
1504 770 1558 789 eos
1582 763 1728 788 auctores

161 808 345 838 arbitantur.
389 806 482 851 Quod
502 815 696 845 nequaquam
719 804 759 833 ita
782 813 815 833 se
837 802 959 840 habere,
982 803 1073 832 facile
1096 803 1260 832 intellectu
1282 809 1334 832 est.
1379 802 1489 832 Omnis
1513 801 1594 830 enim
1609 800 1742 829 disere-u

161 849 275 888 pantia,
304 847 329 877 si
351 846 525 876 accuratius
547 846 687 886 inquiris,
713 856 774 875 non
798 844 836 873 ab
860 845 922 873 ulla
947 845 1019 873 facti
1043 845 1128 873 varia
1152 845 1244 880 fama,
1271 844 1322 873 sed
1349 854 1364 872 a
1388 845 1577 882 scriptorum
1602 841 1727 870 diverso

161 890 284 931 ingenio
307 887 448 928 profecta
471 897 536 917 esse
559 887 723 927 reperitur.
768 886 973 930 Quapropter
996 896 1091 926 quum
1115 892 1145 915 et
1164 885 1208 914 illi
1231 891 1259 915 et
1281 885 1331 914 hic
1355 884 1517 914 fortissimi
1542 883 1650 913 militis
1672 882 1728 911 ho-

162 937 283 960 nestum
312 929 428 959 factum
451 929 578 959 tradere
605 928 740 967 posteris
769 928 898 963 vellent,
933 927 977 955 illi
1007 927 1147 967 quidem,
1175 927 1251 967 quid
1281 936 1450 966 perpessus
1472 931 1554 955 essct
1576 922 1731 959 admirati,

163 971 347 1003 occubuisse
370 981 435 1000 eum
459 970 602 999 dixerunt
624 970 746 998 sortiter
769 979 828 1008 pro
842 968 942 997 Galba
961 969 1151 1008 imperatore
1175 966 1384 997 dimicantem.
1429 968 1489 996 Hic
1513 973 1632 1004 contra,
1653 963 1729 1006 quid

163 1024 239 1043 unus
264 1012 358 1041 homo
380 1011 511 1041 fideliter
533 1011 676 1040 obnitens
701 1016 810 1039 contra
839 1009 1144 1048 plurimoscflicere
1172 1011 1284 1048 possit,
1316 1009 1461 1048 exemplo
1490 1013 1730 1047 monstraturus,

164 1054 314 1094 eripuisse
344 1053 475 1082 alterum
498 1052 583 1090 dicit,
603 1062 791 1092 quamquam
818 1051 1030 1088 vulneratum,
1058 1051 1215 1080 Pisonem.
1258 1051 1316 1080 lllo
1339 1060 1416 1080 vero
1442 1050 1591 1089 dissipato
1621 1056 1730 1078 errore

167 1097 242 1125 alios
274 1095 365 1124 simul
394 1094 518 1131 multos,
540 1094 601 1133 qui,
624 1099 659 1122 ut
680 1093 724 1132 fit,
747 1103 785 1122 ex
808 1092 863 1121 illo
886 1092 990 1132 primo
1019 1093 1325 1132 propullulaVernnt.
1355 1091 1550 1131 dispulimus.
1600 1091 1678 1118 Nam
1705 1088 1731 1118 si

164 1138 236 1167 illos
257 1142 406 1173 auctores,
426 1141 459 1164 ut
481 1135 575 1164 modo
599 1134 702 1171 docui,
725 1134 893 1163 concinere
915 1144 960 1173 re,
983 1133 1101 1163 distare
1124 1133 1254 1163 consilio
1277 1133 1436 1170 vidissent,
1459 1133 1550 1162 simul
1564 1131 1593 1160 id
1606 1130 1731 1171 liquere

166 1177 310 1215 debebat,
342 1177 480 1213 militem,
515 1176 566 1216 qui
590 1175 782 1205 occumbere
803 1186 861 1214 pro
885 1175 956 1210 alio,
991 1175 1084 1204 alium
1108 1175 1232 1214 eripere
1254 1174 1397 1203 hostibus
1418 1174 1585 1213 potuisset,
1607 1181 1644 1201 ex
1667 1180 1730 1200 uno

167 1219 342 1258 eodemque
366 1219 435 1247 loco
458 1217 572 1246 tuitum
595 1227 661 1246 esse
684 1223 861 1257 utrumque.
906 1218 1009 1256 Atque
1032 1216 1064 1245 id
1086 1217 1178 1245 etiam
1201 1223 1264 1245 tam
1288 1226 1395 1244 rerum
1410 1215 1499 1251 ordo,
1521 1224 1615 1256 quam
1627 1212 1732 1242 Taciti

166 1260 261 1291 verba
286 1265 468 1298 coarguunt.
511 1259 590 1286 Nam
614 1268 680 1298 cap.
697 1257 747 1288 39.
761 1257 835 1286 Piso
849 1257 981 1287 Galbam
1002 1257 1073 1287 foro
1098 1257 1402 1297 appropinquantem
1426 1257 1614 1297 assequitur.
1647 1254 1731 1283 Hinc

167 1301 259 1332 simul
286 1300 530 1340 proficiscuntur
558 1310 617 1328 una
647 1299 812 1334 comitante
834 1299 967 1328 cohorte
989 1299 1159 1338 praetoria,
1188 1298 1319 1338 eiusque
1341 1298 1439 1337 ipsius
1461 1297 1572 1333 studia,
1599 1296 1731 1335 derepta

168 1342 285 1372 Galbae
306 1341 450 1380 imagine,
470 1341 499 1369 in
521 1340 680 1370 Othonem
708 1340 869 1370 manifesta
893 1342 933 1379 (c.
949 1340 1013 1377 43.)
1037 1340 1136 1369 nudos
1161 1339 1381 1369 defensoribus
1406 1339 1614 1378 imperatores
1638 1336 1733 1367 desti-

167 1390 265 1414 tuunt.
309 1382 393 1426 Quid
415 1382 511 1422 igitur
533 1382 631 1421 magis
654 1382 804 1420 naturale,
831 1393 922 1422 quam
947 1382 1023 1410 sella
1047 1387 1201 1421 gestatum
1225 1380 1357 1410 Galbam
1381 1391 1397 1409 a
1419 1379 1485 1408 filio
1507 1380 1634 1413 Pisone,
1657 1378 1732 1408 dum

169 1425 305 1465 undique
327 1427 479 1453 irruentes
502 1422 603 1452 hostes
627 1433 679 1452 eos
702 1430 823 1463 urgent,
845 1432 911 1452 esse
935 1422 1110 1458 defensum,
1131 1423 1257 1462 utrique
1278 1421 1376 1450 fidum
1399 1421 1554 1451 adstitisse
1578 1420 1733 1450 centurio-

169 1466 259 1496 nem?
300 1467 442 1504 Eamque
466 1474 572 1493 veram
594 1464 640 1493 rei
663 1471 803 1493 naturam
827 1464 1087 1504 interpolatorum
1111 1464 1256 1492 codicum
1281 1470 1424 1492 auctores
1446 1462 1581 1502 pulchre
1610 1461 1732 1491 intelle-

169 1513 290 1545 xerunt,
311 1506 363 1547 qui
377 1505 552 1534 Florentini
565 1504 684 1540 falsam,
703 1511 738 1534 ut
752 1505 968 1544 opinabantur,
989 1505 1155 1535 lectionem
1167 1506 1208 1534 ita
1222 1504 1439 1544 corrigebant;
1473 1505 1579 1534 alteri:
1598 1503 1732 1537 Centurio

170 1550 209 1578 acl
223 1549 331 1577 Galbae
353 1548 515 1576 custodium
537 1558 555 1575 a
577 1547 691 1576 Pisone
713 1548 846 1581 additus3
881 1547 966 1577 alteri
989 1547 1045 1576 ita:
1079 1547 1213 1575 Centurio
1234 1547 1397 1585 praetoriae
1420 1546 1547 1575 cohortis
1569 1555 1603 1575 ac
1620 1544 1734 1574 Galbae

171 1590 317 1619 custodiae
342 1600 360 1618 α
382 1588 495 1617 Pisone
523 1589 645 1617 additus.
689 1588 819 1628 Utrique
847 1589 927 1617 enim
957 1588 987 1616 in
1014 1588 1090 1617 sella
1118 1587 1242 1617 cubanti
1269 1597 1305 1616 ac
1332 1586 1466 1626 pedibus
1493 1597 1589 1626 aegro
1612 1585 1734 1616 Galbae

170 1630 403 1670 providendum
419 1629 515 1658 fuisse
529 1629 672 1658 aPisonc
694 1640 755 1658 non
778 1629 903 1658 inlicete
925 1629 1084 1669 putabant.
1129 1629 1254 1669 Lipsius
1278 1639 1356 1658 vero
1378 1628 1429 1657 hic
1453 1628 1606 1657 dissidere
1629 1633 1734 1656 aucto-

172 1681 223 1700 res
244 1678 344 1710 ratus,
372 1677 402 1700 ct
424 1670 513 1699 simul
537 1669 670 1699 fortasse
692 1670 836 1700 Pisonem
859 1676 930 1700 ante
953 1671 1037 1710 (cap.
1059 1669 1123 1709 34.)
1147 1671 1176 1698 in
1201 1676 1300 1699 castra
1323 1669 1418 1699 fuisse
1440 1669 1650 1710 praemissum
1671 1677 1737 1705 me-

172 1723 251 1749 mor,
279 1712 332 1742 sed
361 1711 494 1741 eundem
524 1711 642 1741 redisse
672 1711 710 1740 ad
733 1711 865 1740 Galbam
895 1713 978 1751 (cap.
996 1711 1063 1749 39.)
1086 1711 1259 1746 immemor,
1280 1711 1353 1740 huic
1375 1712 1490 1750 potius,
1513 1721 1603 1751 quem
1627 1709 1734 1739 nescio

173 1754 204 1782 in
228 1764 288 1794 qua
310 1753 395 1782 urbis
417 1758 506 1792 parte
528 1752 724 1788 defenderet,
751 1753 912 1783 custodem
943 1753 1122 1782 addendum
1144 1752 1284 1788 credidit,
1306 1759 1347 1789 et,
1369 1763 1384 1781 a
1408 1752 1519 1782 codice
1542 1752 1670 1791 insuper
1690 1750 1737 1779 in-

173 1794 327 1833 terpolato
358 1795 522 1834 pellectus,
548 1794 599 1831 ita,
623 1801 657 1823 ut
679 1804 774 1833 supra
795 1795 908 1834 legisti,
936 1801 1026 1824 caute
1049 1801 1152 1823 tamen
1176 1800 1207 1823 et
1231 1794 1290 1823 sibi
1312 1794 1378 1833 ipse
1401 1793 1558 1833 diflidens,
1581 1792 1734 1822 correxit:

173 1847 192 1864 a
218 1836 314 1865 Galba
335 1836 480 1864 custodiae
507 1836 627 1864 Pisonis
647 1836 770 1864 additus.
823 1838 1019 1877 Argumenta
1047 1845 1140 1872 vero,
1168 1835 1279 1876 quibus
1307 1835 1447 1874 priorem
1477 1835 1641 1864 lectionem
1662 1843 1735 1874 pro-

175 1875 286 1916 fligare
315 1876 432 1915 studet,
463 1882 497 1905 ut
521 1887 537 1904 a
560 1882 664 1905 tantae
691 1876 866 1916 sagacitatis
898 1877 968 1906 viro
998 1883 1178 1916 exspectes,
1212 1887 1275 1905 non
1305 1886 1379 1906 sano
1409 1875 1525 1905 debilia
1552 1881 1640 1913 sunt;
1672 1875 1737 1915 qui,

174 1917 280 1961 „Quid
310 1916 410 1947 enim?
450 1924 595 1957 quaerat,
622 1928 638 1946 a
659 1917 775 1948 Pisone
804 1925 908 1948 custos
935 1917 986 1947 hic
1011 1918 1131 1947 Galbae
1158 1917 1341 1957 appositus?
1374 1917 1533 1958 quomodo
1560 1916 1663 1956 potuit
1684 1922 1737 1945 aut

177 1958 307 1989 debuit?
329 1969 398 1988 cum
421 1958 643 1997 Galbae-sane,
663 1965 697 1987 ut
720 1959 867 1999 principi,
889 1959 1019 1999 legitimi
1040 1959 1087 1988 sui
1109 1959 1253 1989 custodes
1276 1964 1307 1987 et
1329 1958 1497 1998 stipatores
1519 1958 1645 1987 fuerint.
1672 1958 1737 1987 De-

176 1999 272 2040 nique
283 2000 365 2029 unde
388 2010 420 2029 ea
437 1999 604 2029 auctoritas
620 1999 767 2030 Pisoni'?“
791 2000 990 2046 Quamquam
1005 2007 1179 2030 extremum
1196 2000 1323 2040 quidem
1338 2000 1399 2029 hoc
1412 1999 1504 2029 facile
1519 2000 1634 2029 vincas.
1656 1999 1737 2027 Nam

178 2041 396 2071 auctoritatem
410 2041 517 2069 Pisoni
540 2041 648 2070 ultima
671 2042 837 2071 necessitas
860 2042 1064 2081 imposuerat,
1087 2052 1147 2081 qua
1169 2042 1253 2081 patri
1277 2047 1407 2081 aegroto
1433 2048 1463 2071 et
1485 2041 1552 2070 seni
1574 2046 1642 2070 erat
1662 2049 1738 2080 pro-

178 2081 381 2121 spiciendum.
424 2082 567 2111 Alterum
591 2088 691 2112 autem
712 2083 914 2113 verissimum,
963 2083 1044 2112 Nam
1064 2082 1140 2112 nihil
1160 2083 1264 2123 plane,
1286 2082 1316 2111 in
1331 2082 1389 2111 hac
1406 2082 1589 2122 praesertim
1604 2080 1740 2121 exempli

177 2122 346 2163 brevitate,
382 2122 485 2153 dicere
512 2123 675 2162 attinebat,
708 2123 739 2152 in
770 2124 911 2154 custodia
939 2124 1168 2164 imperatorum
1195 2130 1261 2154 tum
1290 2133 1360 2153 eum
1387 2123 1604 2157 centurionem
1633 2121 1739 2152 fuisse.
1772 2142 1776 2144 -
