1794 2318
818 131 869 137 -.
948 108 974 144 2
1053 131 1104 136 -.

183 206 299 236 factum
322 204 441 242 fuisset,
473 204 567 234 vellet
589 202 722 240 docere,
755 207 941 241 potestatem
971 201 1116 230 collatam
1148 200 1273 230 diceret.
1303 210 1385 229 nunc
1413 210 1506 237 vero,
1540 211 1618 242 quae
1638 211 1682 231 res
1705 200 1745 231 sit

183 254 277 288 gesta,
299 251 536 281 monstraturus,
555 245 687 284 potentia
709 242 818 277 utitur3
853 242 904 272 sed
927 248 962 271 ut
983 252 1042 281 pro
1065 252 1156 289 more
1178 252 1233 271 suo
1256 240 1409 281 significet
1431 242 1462 270 id
1486 242 1584 289 magis
1607 242 1745 290 pru-den:

184 288 281 327 tibus,
311 297 402 328 quam
429 293 534 325 aperte
563 291 592 315 et
619 293 729 323 aspere
760 283 940 323 eloquatur,
972 289 1145 322 potentiam
1172 282 1210 311 ad
1234 293 1329 311 uuum
1352 283 1490 312 collatam
1513 283 1599 312 dlclt.
1644 283 1745 313 Simill

182 339 309 368 prorsus
332 327 425 365 modo
449 328 607 356 Fortunae
629 325 694 354 sive
716 325 854 364 potentia
878 325 943 354 sive
966 330 1102 363 potestas
1126 330 1189 362 est,
1215 334 1316 371 eaque
1340 324 1480 363 potentia
1503 335 1519 353 a
1540 325 1621 355 Jove
1644 330 1692 355 est
1713 324 1746 354 in
1769 323 1772 326 ’

184 380 250 399 eam
278 369 400 398 collata.
444 367 539 412 Quod
561 367 618 396 nisi
640 366 683 396 ita
706 366 833 395 sentiret
855 366 996 400 Tacitus,
1025 375 1082 394 cur
1104 367 1220 402 ingenia
1245 365 1317 393 inde
1341 375 1377 393 cx
1402 375 1436 394 eo
1460 371 1604 405 tempore
1627 367 1746 396 cessisse

183 410 329 449 putaret?
358 411 408 447 Et,
430 419 468 437 ne
491 409 566 449 quid
588 407 787 436 dubitationis
810 407 1052 447 relinqueretur,
1074 416 1178 436 nonne
1201 406 1349 446 deinceps
1373 406 1449 435 haec
1471 406 1627 436 addidit?:
1657 407 1748 437 simul

185 453 290 480 veritas
312 451 440 489 pluribus
470 450 565 478 modis
595 449 732 488 infracta,
759 449 891 486 primum
918 448 1031 476 libidine
1059 449 1226 476 assentandi
1255 455 1304 476 ant
1334 458 1433 476 rursus
1456 449 1541 477 odio
1566 449 1746 478 adversus

185 493 422 521 dominantes.
465 491 549 520 Haec
573 490 654 518 enim
678 499 738 517 non
761 498 835 517 sane
858 498 894 517 ea
916 495 1056 529 tempora
1079 494 1164 525 sunt,
1198 488 1312 529 quibus
1335 488 1374 517 ad
1397 499 1489 518 unum
1512 489 1627 519 collata
1648 490 1746 528 legum

179 540 310 571 potestas
331 533 422 568 valet,
449 532 504 560 sed
527 531 640 572 quibus
663 530 752 559 unius
770 531 913 568 potentia.

845 600 912 629 His
924 606 942 629 t.
970 600 1004 638 1.,
1035 600 1065 630 7.

337 659 469 688 Ceterum
490 666 609 696 utraque
631 658 730 686 caedes
744 658 858 686 sinistre
879 664 1004 695 accepta,
1028 663 1053 685 et
1076 657 1167 685 inviso
1187 657 1315 695 principe
1337 666 1387 685 sen
1409 657 1477 687 bene
1498 667 1549 686 sen
1569 658 1646 687 male
1663 657 1747 698 facta

180 708 324 739 premunt.

333 750 417 779 Nihil
439 749 478 778 de
500 749 591 778 huius
622 748 684 778 loci
711 754 867 778 structura
898 748 1056 785 dicerem,
1095 759 1156 788 qua
1181 747 1350 778 ablativum
1379 750 1486 787 (inviso
1512 750 1656 788 principe)
1686 759 1746 789 pro

186 791 360 821 accusativo
389 791 559 830 (principem
581 788 734 829 premunt)
760 796 884 829 praeter
910 789 1011 829 legem
1033 790 1160 818 Tacitus
1189 789 1345 818 induxisse
1367 789 1545 826 videretur,
1578 791 1603 819 si
1627 790 1746 820 codicis

186 833 352 862 accederet
372 831 547 860 auctoritas.
583 832 672 860 Nunc
695 840 781 867 vero,
804 830 858 859 ubi
881 831 982 860 codex
1000 832 1123 869 principi
1145 830 1246 867 habet,
1270 837 1300 860 et
1319 830 1488 860 ablativum
1502 831 1747 870 interpolatione

185 874 367 911 intulerunt,
399 881 500 912 neque
524 882 635 911 porro,
663 877 697 900 ut
718 871 861 910 videtur,
888 880 1039 910 premunt,
1071 871 1125 900 sed
1143 873 1335 910 praeminuit,
1369 878 1402 900 ut
1425 872 1584 903 Yictorius
1607 872 1746 910 tradidit,

186 920 279 954 atque
307 913 352 943 ed.
377 913 458 952 Spir.
487 919 514 941 et
537 913 605 942 cod.
629 912 722 941 Corb.
745 912 861 952 aliique
882 912 1052 942 verisimile
1076 912 1222 950 reddunt,
1249 919 1301 941 aut
1325 919 1425 942 tamen
1447 913 1564 954 aliquid
1581 913 1746 944 obscurius

185 955 336 993 scriptum
351 953 488 992 exhibet,
502 953 586 994 quod
598 953 660 993 alii,
671 962 807 992 premunt
822 953 990 990 solverent,
1009 954 1070 993 alii,
1085 956 1271 992 praeminuit,
1291 954 1349 982 alia
1371 965 1419 983 res
1440 961 1494 984 est.
1535 955 1644 994 Neque
1665 955 1746 985 enim

186 1005 238 1025 eas
251 995 445 1024 coniecturas
460 994 602 1023 homines
616 994 784 1034 prudentes
801 994 1020 1035 comprobent,
1033 995 1153 1035 quibus,
1170 1001 1204 1024 ut
1219 1006 1277 1024 vox
1291 995 1441 1035 quaedam
1458 996 1578 1025 incerta
1593 1003 1747 1036 servetur,

186 1043 303 1065 certam
325 1042 353 1065 et
373 1046 478 1064 sanam
500 1035 540 1064 ita
564 1036 775 1074 demutemus,
802 1042 835 1065 ut
855 1036 1008 1065 sententia
1030 1036 1101 1065 inde
1123 1036 1203 1065 male
1227 1036 1389 1065 ambulans
1412 1037 1588 1077 exoriatur,
1612 1043 1643 1066 et
1665 1047 1747 1078 quae

185 1077 237 1106 hic
270 1076 395 1116 quidem
426 1086 484 1115 per
512 1084 538 1105 et
563 1077 664 1116 priori
689 1076 833 1106 adiuncta
861 1083 891 1106 et
918 1077 956 1105 ad
978 1087 1095 1107 novum
1117 1083 1220 1106 tamen
1244 1077 1420 1106 subiectum
1449 1084 1570 1107 temere
1593 1077 1745 1114 aberrans

187 1124 218 1148 et
239 1117 395 1146 obiectum
419 1117 567 1146 abiiciens
591 1118 640 1146 vix
662 1118 802 1147 excusari
825 1118 932 1158 possit.
976 1119 1083 1159 Itaque
1105 1128 1165 1158 ego
1189 1119 1306 1147 eisdem
1330 1119 1490 1148 literarum
1514 1119 1660 1149 ductibus
1682 1129 1747 1149 ser-

186 1159 265 1188 vatis
285 1160 462 1196 praeminuit
490 1158 529 1187 ita
559 1158 647 1188 solvo
676 1165 709 1188 ut
736 1160 789 1197 sit,
814 1161 1007 1197 praemuniit,
1041 1159 1126 1199 quod
1149 1160 1209 1188 iam
1237 1167 1307 1189 ante
1330 1170 1378 1189 me
1400 1161 1536 1199 scriptor
1560 1160 1627 1190 cod.
1650 1160 1747 1190 Corb.

187 1198 273 1228 fecit:
313 1200 358 1228 Ea
378 1199 488 1227 caedes
515 1201 606 1228 inviso
629 1201 754 1238 principi
783 1210 833 1229 sen
861 1201 929 1229 bene
956 1211 1005 1229 seu
1028 1202 1202 1241 malefacta
1221 1203 1406 1241 praemuniit.
1457 1202 1614 1230 Sententia
1639 1202 1747 1232 eadem

188 1246 243 1273 est,
264 1250 356 1279 quam
377 1240 575 1276 Plutarchus,
597 1240 650 1280 qui
672 1250 776 1279 saepe,
799 1247 833 1270 ut
846 1251 926 1270 anno
940 1241 1083 1280 proximo
1099 1253 1167 1282 pag.
1180 1243 1230 1272 20.
1251 1242 1518 1281 insioniexemplo
1533 1242 1747 1283 probavimus,
1766 1244 1770 1246 ’

187 1281 218 1309 in
240 1281 288 1309 his
311 1280 397 1309 libris
421 1281 560 1310 veritatis
581 1282 669 1310 testis
693 1288 755 1320 est,
783 1282 824 1310 ita
855 1282 1078 1321 interpretatur
1101 1292 1167 1322 cap.
1196 1283 1247 1313 13:
1279 1265 1334 1313 ³123}
1357 1282 1390 1313 δὲ
1416 1282 1531 1314 ιούτου
1553 1287 1608 1314 καὶ
1630 1283 1672 1314 τὰ
1692 1294 1746 1324 με·

188 1322 281 1361 τρίως
303 1318 514 1360 πραττόμενα
537 1320 690 1362 διαβολὴν
713 1322 810 1359 εἶχεν.
854 1322 961 1354 Verba
982 1333 1059 1353 vero
1083 1330 1115 1353 ut
1138 1333 1198 1354 non
1221 1324 1452 1365 simplicissima
1470 1336 1535 1355 esse
1549 1326 1747 1364 confitemur,

189 1364 229 1391 ita
254 1369 354 1392 tamen
378 1369 406 1392 et
428 1370 509 1392 recta
532 1370 602 1392 sunt
626 1370 656 1392 et
679 1364 716 1393 ad
740 1364 922 1394 sententiam
945 1365 1164 1404 aperiendam,
1190 1366 1274 1406 quod
1297 1366 1465 1395 maximum
1489 1373 1552 1403 est,
1579 1367 1746 1407 aptissima.

189 1405 266 1432 Nam
289 1403 339 1444 qui
363 1403 490 1432 alieuius
513 1414 568 1433 seu
590 1404 668 1434 bene
695 1415 750 1434 seu
774 1405 853 1434 male
880 1405 960 1435 faeta
984 1412 1144 1445 premunt,
1176 1406 1197 1435 ii
1226 1407 1363 1447 quodam
1392 1408 1487 1438 modo
1513 1408 1668 1438 hostiliter
1689 1419 1746 1439 suo

189 1443 306 1473 iudicio
336 1444 449 1473 instant
477 1451 505 1474 et
532 1452 659 1485 urgent3
691 1447 742 1486 qui
765 1456 843 1476 vero
870 1446 998 1476 alicuius
1021 1447 1103 1476 sacta
1125 1448 1356 1488 praemuniunt,
1389 1448 1410 1477 ii
1432 1459 1489 1478 suo
1512 1460 1545 1478 se
1567 1449 1684 1480 iudicio
1704 1450 1747 1480 ita

190 1485 418 1514 contumaciter
440 1485 712 1526 circumsaepiunt,
734 1493 777 1523 ut,
800 1487 953 1528 quidquid
975 1488 1029 1517 ille
1051 1488 1155 1526 faciat,
1187 1491 1361 1529 expugnari
1383 1501 1446 1520 non
1470 1497 1595 1531 queant.
1639 1492 1747 1532 Atque

190 1526 216 1554 is
239 1526 363 1565 quidem
386 1526 452 1564 ipse
474 1532 540 1555 tum
562 1528 694 1556 militum
716 1529 833 1558 animus
856 1535 930 1558 erat.
974 1531 1083 1569 Neque
1103 1530 1184 1558 enim
1207 1530 1268 1567 illi,
1301 1541 1488 1572 quamquam
1518 1532 1611 1571 proni
1634 1532 1672 1561 ad
1694 1542 1746 1562 res

189 1576 302 1604 novas,
331 1572 393 1595 tam
415 1568 682 1598 tumultuabantur
706 1569 955 1601 moliebanturve
983 1570 1124 1609 insidias,
1152 1582 1244 1612 quam
1266 1573 1440 1602 contumaci
1463 1572 1588 1602 tristitia
1611 1573 1748 1613 impera·
1790 1577 1794 1598 ἑ

189 1607 264 1637 toris
287 1617 302 1635 a
324 1617 357 1636 se
379 1607 452 1636 facti
475 1609 634 1638 saevitiam
658 1609 876 1648 observabant,
899 1617 930 1641 et
952 1610 1134 1641 donativum
1148 1614 1323 1642 recusantis
1347 1613 1507 1643 avaritiam
1530 1614 1615 1643 taciti
1635 1624 1747 1654 expro-

190 1647 331 1677 brabant.
363 1649 445 1676 Hinc
467 1649 497 1677 in
521 1649 689 1690 adoptione
711 1652 836 1682 Pisonis
859 1662 926 1692 cap.
949 1653 1004 1682 18:
1040 1654 1178 1682 Proximi
1199 1655 1326 1684 militum
1344 1663 1432 1692 grata
1446 1656 1745 1694 auditzcresponden13

186 1699 240 1727 per
267 1697 374 1718 ceteros
402 1692 547 1719 maestitia
571 1702 604 1720 ac
632 1693 785 1722 silentium.
834 1695 974 1733 Apparet
1002 1694 1098 1734 igitur
1119 1697 1305 1733 praemunire
1334 1707 1350 1724 a
1380 1696 1491 1725 Tacito
1519 1696 1550 1725 in
1580 1697 1747 1737 dffendemli

191 1729 422 1759 similitudinem
446 1740 513 1759 esse
535 1732 721 1762 traductum.
756 1735 835 1763 Nam
857 1735 926 1774 pari
947 1735 1016 1764 iure
1039 1742 1070 1765 et
1092 1735 1258 1766 defendere
1274 1747 1289 1765 a
1308 1736 1398 1767 nobis
1414 1736 1506 1776 facta,
1527 1743 1558 1767 et
1573 1737 1748 1767 defendere
1790 1755 1794 1758 -

191 1779 248 1816 nos
277 1781 292 1799 a
321 1770 409 1800 factis
436 1771 576 1801 dicimus.
623 1775 728 1816 Atque
753 1775 924 1806 innumeris
947 1777 1100 1817 exemplis
1121 1777 1206 1807 illam
1227 1777 1299 1808 huic
1322 1778 1456 1809 orationi
1478 1778 1666 1818 praetulisse
1687 1781 1748 1809 Ta-

193 1816 287 1840 citum
309 1812 421 1841 nemini
442 1812 581 1852 ignotum
604 1821 656 1844 est.

340 1862 538 1903 Subiungere
560 1865 755 1905 praescripto
778 1867 888 1908 cuique
908 1867 981 1897 loco
1003 1877 1037 1897 ea
1055 1867 1170 1906 placet,
1192 1867 1229 1898 de
1248 1869 1360 1909 quibus
1378 1869 1408 1898 in
1428 1875 1619 1905 transcursu,
1638 1868 1747 1909 paucis
1792 1866 1794 1870 “

192 1900 297 1931 verbis
319 1903 473 1942 agendum
494 1905 628 1935 videtur.
670 1907 778 1938 Veluti
800 1909 880 1938 Hist.
902 1909 924 1946 I,
947 1910 994 1938 11.
1023 1918 1084 1937 non
1109 1908 1304 1949 dubitamus,
1332 1911 1406 1951 quin
1428 1910 1488 1939 iam
1511 1908 1634 1939 Riklefs
1657 1915 1747 1940 recte

193 1942 345 1980 iudicarit,
369 1945 422 1985 qui
437 1945 602 1986 legendum
617 1948 758 1978 suadeat:
781 1950 833 1979 Ita
856 1952 949 1979 visum
971 1951 1111 1997 expedire,
1132 1952 1321 1991 Aegyptum,
1341 1953 1463 1981 insciam
1483 1952 1589 1989 legum,
1612 1953 1747 1989 ignaram
1787 1945 1794 1956 ·,

192 1985 417 2020 magistratuum
443 1987 561 2016 domui
585 1990 711 2018 retinere.
754 1990 824 2019 Non
846 1992 937 2021 domi.
979 1991 1057 2020 Nam
1080 1991 1176 2020 1nscia
1198 1992 1304 2032 legum
1327 1994 1487 2033 Aegyptus
1510 1992 1641 2031 dicitur,
1671 1991 1745 2032 quia

192 2023 318 2063 regibus
341 2029 601 2075 semper-paruit.
643 2030 733 2060 Unde
758 2030 911 2062 libertatis
937 2031 1101 2071 impatiens
1120 2033 1232 2062 melius
1253 2033 1310 2062 sub
1332 2033 1458 2062 domino
1481 2034 1549 2063 fore
1569 2032 1746 2064 videbatur.

192 2064 316 2094 Domus
328 2067 423 2108 igitur
435 2070 583 2110 principis
598 2071 748 2111 modeste,
768 2082 828 2111 pro
843 2074 934 2103 unius
953 2072 1091 2109 arbitrio,
1113 2073 1346 2113 magistratibus
1360 2075 1541 2114 opponitur.
1576 2074 1660 2103 Hinc
1682 2073 1744 2103 iam
1785 2083 1794 2113 J,

192 2104 223 2133 in
240 2112 349 2146 aperto
371 2114 426 2148 est,
444 2110 533 2150 domi,
555 2111 640 2153 quod
654 2112 694 2142 de
711 2113 980 2145 administratione
1000 2114 1124 2154 privata
1144 2115 1400 2155 interpretantur,
1419 2116 1537 2156 opponi
1548 2114 1740 2156 reipublicae
