1794 2318
674 79 997 116 -21-r

166 177 318 217 Idemque
332 175 361 205 in
379 175 439 204 alio
453 174 526 205 loco
543 173 684 204 eiusdem
698 173 808 214 capitis
822 173 929 214 quaeri
944 171 1096 214 potuerit:
1118 172 1343 203 Narbonensem
1363 173 1494 202 Galliam
1506 173 1627 210 adgredi

42 220 156 255 statuit,
176 219 272 249 valida
294 219 383 247 classe
407 225 432 246 et
449 217 583 256 partibus
596 215 672 255 fida,
694 217 774 255 quod
795 217 922 255 reliquos
945 225 1097 245 caesorum
1118 216 1158 244 ‹ul
1174 223 1296 254 pontem
1312 215 1451 244 Milvinm
1466 223 1490 243 et
1504 216 1625 244 saevitia

48 261 161 290 Galbae
188 262 215 289 in
246 261 378 289 custodia
407 260 521 288 habitos
549 260 578 287 in
607 268 744 287 numeros
774 258 896 295 legionis
919 265 1133 295 composuerat.
1153 258 1290 296 jactae!
1311 258 1410 286 ceteris
1431 266 1509 294 spes
1531 257 1624 285 hono-

42 303 161 331 ratioris
183 303 381 340 inposterum
403 301 533 329 militiae.
577 300 697 328 Mcram
723 301 805 329 enim
830 298 1010 338 corrigendi
1036 297 1198 326 libidinem
1223 297 1355 337 dixeris,
1385 308 1445 337 qua
1468 307 1542 336 prae
1564 307 1624 336 spe,

43 342 82 372 ab
104 342 213 373 eodem
236 343 264 371 J.
288 343 340 371 Fr.
363 342 524 371 Gronovio
547 341 725 381 proposita,
757 341 844 369 illum
874 339 1100 369 nominativum
1129 345 1326 379 spreverunt.
1377 339 1450 368 Duo
1480 339 1562 367 enim
1587 347 1623 368 ac

42 384 136 424 plane
159 384 279 413 diversa
304 383 405 413 edicta
429 388 535 420 erant,
564 383 698 411 alterum
723 381 840 422 legioni
867 381 1030 418 classicae,
1063 381 1197 410 alterum
1226 381 1316 410 classi
1338 381 1484 414 missum3
1516 388 1622 419 neque

8 440 9 443 ¹
41 426 138 466 igitur
160 432 264 465 potest
286 424 422 454 ablativo
445 424 507 453 hoc
527 424 574 453 illi
596 423 730 464 iniungi3
754 423 863 454 saltem
885 422 1076 452 disiunctum
1098 422 1161 452 hoc
1184 421 1223 451 ab
1246 422 1300 451 illo
1320 432 1378 463 per
1393 431 1510 451 novum
1523 431 1624 451 nouu-

42 467 182 498 nativum
204 466 380 506 improbari
402 476 464 496 non
488 465 635 495 debebat.

707 517 802 547 Hist.
832 517 864 554 L,
898 516 948 547 89.

197 576 256 607 Sed
278 577 380 614 volgus
403 585 429 606 et
449 595 491 599 —
513 577 715 606 communium
737 586 873 605 curarum
896 584 998 614 expers
1016 574 1143 614 populus
1166 575 1268 604 sentire
1282 574 1428 613 paulatim
1446 573 1509 602 belli
1524 573 1620 606 maizu

43 636 82 642 —
105 629 179 658 quae
206 627 290 648 motu
322 619 452 648 Vindicis
481 619 560 648 haud
582 619 700 657 perinde
725 619 841 657 plebem
869 619 1052 655 attriverwzt‚
1087 626 1188 645 secura
1216 624 1279 645 turn
1304 616 1372 644 urbe
1402 614 1620 654 &provinciali

43 660 125 697 bello,
146 661 226 700 quod
249 662 320 689 inter
342 661 469 697 legiones
493 661 660 698 Gallitzsque
687 661 761 688 velut
790 668 943 688 externum
961 659 1034 698 suit.
1089 658 1171 687 Nam
1199 668 1236 686 em
1264 668 1321 696 quo
1353 657 1436 685 dimas
1462 656 1620 693 Augustus

43 712 89 732 res
120 702 278 731 Caesarum
307 703 486 740 composuit,
513 702 619 740 procul
647 709 673 730 et
702 702 731 730 in
758 703 843 730 unius
871 700 1095 729 sollicitudinem
1123 707 1173 728 aut
1201 700 1285 728 decus
1310 698 1434 737 populus
1457 698 1620 726 Romanus

43 743 204 772 bellaverat.
255 743 315 772 Sub
350 743 466 772 Tiberio
497 751 522 772 et
556 744 636 771 Gaio
665 750 779 771 tantum
801 744 884 781 pacis
913 743 1033 771 adversa
1061 742 1282 780 reipublicae
1304 741 1490 780 pertimuere.
1542 738 1629 769 Scri-'

43 785 162 815 boniani
183 792 284 814 contra
309 784 462 814 Claudium
484 786 595 823 incepta
617 785 706 813 simul
726 785 826 813 audita
847 792 871 813 et
894 785 1033 821 coercita3
1067 783 1150 812 Nero
1175 788 1232 812 etc.

192 838 311 866 Locum
334 837 508 876 longiorem
533 835 700 875 adscripsi,
730 836 802 876 quia
827 836 856 865 in
875 846 910 866 eo
935 844 1061 875 quoque
1083 834 1233 863 iudicium
1257 834 1296 864 de
1318 843 1398 864 voce
1416 839 1522 862 notata
1544 830 1616 861 fieri

42 888 106 908 non
135 884 250 917 potest,
281 878 338 907 nisi
366 888 490 906 omnem
520 877 692 908 sententiae
723 883 867 906 naturam
896 882 928 906 ct
955 886 1159 917 progressum
1183 882 1330 905 accurate
1350 875 1494 905 tenueris.
1537 874 1616 903 Eam

43 927 148 950 autem
170 919 231 948 iam
254 919 340 948 vides
362 925 460 948 totam
482 919 604 949 versari
626 919 654 948 in
679 918 774 958 plebe
797 925 825 949 et
848 918 1059 948 communium
1081 928 1229 947 curarum
1254 924 1384 956 experte
1414 914 1543 955 populo.
1587 914 1616 942 ls

43 961 154 1002 igitur,
184 971 221 990 ex
244 971 307 1001 quo
332 960 371 990 ad
393 971 489 989 unum
512 961 611 990 omnis
633 960 772 999 potentia
796 960 917 990 conlata
941 965 1021 996 erat,
1046 969 1156 999 parum
1179 958 1322 988 curiosus
1345 957 1556 997 reipublicae,
1585 955 1617 984 iu

44 1002 135 1032 bellis
165 1008 284 1032 tantum
312 1002 350 1031 de
376 1012 515 1031 conversa
545 1004 573 1031 in
602 1002 728 1031 militnm
757 1012 843 1031 usum
859 1002 985 1041 pecunia
1006 1007 1035 1031 et
1058 1002 1172 1030 intentis
1194 1001 1401 1029 alimentorum
1419 999 1520 1037 pretiis
1544 1006 1618 1026 con·

45 1042 243 1085 querebatur.
281 1044 371 1073 Unde
388 1053 582 1084 consequens
596 1049 653 1080 est,
674 1044 842 1082 reipublicae
856 1052 968 1073 nomen
984 1053 999 1070 a
1013 1053 1064 1072 me
1078 1048 1218 1073 notatum
1232 1042 1325 1080 plane
1340 1040 1378 1070 ab
1392 1040 1453 1069 hoc
1467 1043 1618 1068 contextu

46 1085 179 1116 alienum
208 1094 277 1114 esse
306 1091 334 1115 et
360 1084 547 1122 abhorrere,
580 1095 753 1125 omnesque
781 1085 873 1114 simul
903 1084 1103 1113 coniecturas
1126 1083 1311 1120 concidere,
1345 1091 1425 1123 quae
1448 1080 1480 1109 id
1500 1088 1617 1109 nomen

46 1132 242 1158 conservent.
286 1127 398 1167 Neque
419 1133 521 1156 tamen
544 1127 656 1156 m'elius
679 1126 850 1156 sententiae
873 1125 1112 1164 consuluerunt,
1141 1125 1196 1165 qui
1217 1124 1369 1154 inducere
1393 1123 1482 1151 istam
1504 1130 1618 1151 vocem

48 1168 122 1199 satis
150 1174 316 1208 putarunt3
352 1168 437 1208 quod
465 1179 480 1196 a
502 1168 613 1207 Lipsio
640 1168 746 1197 exorsi
768 1168 914 1208 plerique
936 1176 1018 1196 nunc
1039 1167 1169 1196 faciunt.
1212 1167 1292 1195 Nam
1310 1166 1394 1204 pacis
1416 1166 1554 1200 adversa,
1584 1161 1617 1191 id

47 1209 134 1250 quod
162 1219 254 1238 nemo
283 1208 428 1238 dubitare
450 1215 571 1248 polest,
598 1209 636 1238 ad
655 1209 816 1239 saevitiam
838 1208 1018 1249 principum
1038 1207 1207 1248 pertinent.
1250 1208 1330 1236 Eam
1353 1215 1429 1235 vero
1452 1214 1554 1234 omnes
1575 1203 1618 1233 ita

47 1257 167 1282 tantum
184 1252 409 1291 pertimuerunt,
441 1251 465 1279 si
486 1250 678 1290 reipublicae
703 1250 842 1287 cladem,
871 1256 917 1280 tot
940 1250 1036 1280 caesis
1059 1248 1234 1288 nobilibus,
1260 1246 1523 1277 lamentabantur.
1566 1243 1619 1274 Ad

48 1302 104 1322 eos
127 1292 224 1330 enim,
252 1302 313 1321 non
338 1292 375 1321 ad
399 1292 542 1331 plebem,
570 1302 606 1321 ea
628 1292 752 1321 saevitia
775 1291 983 1322 referebatur.
1027 1291 1117 1320 Hanc
1141 1296 1267 1327 contra,
1290 1289 1428 1329 plebem,
1450 1288 1525 1316 dum
1546 1286 1619 1316 illos

48 1334 164 1364 sensim
179 1333 387 1374 exstinguunt,
403 1334 518 1370 fovent⁷
542 1344 578 1363 ac
590 1334 680 1373 panis
698 1340 729 1362 et
746 1333 940 1363 Circensium
957 1331 1107 1362 beneficio
1125 1331 1306 1361 demulcent
1324 1330 1362 1359 ab
1376 1330 1517 1369 Augusto
1533 1327 1620 1368 prin-

50 1375 134 1415 cipes
153 1384 270 1405 omnes.
304 1376 410 1419 Quum
433 1375 529 1414 igitur
549 1386 605 1404 sua
625 1380 745 1404 tantum
768 1375 815 1405 vel
838 1374 1005 1404 commoda
1028 1373 1080 1404 vel
1096 1372 1300 1403 [incommoda
1318 1371 1454 1412 populus
1469 1375 1621 1406 numeret,

49 1416 128 1446 haec
139 1426 266 1457 quoque
279 1416 430 1446 sententia
443 1417 520 1446 falsa
534 1423 591 1455 est,
603 1426 639 1445 ac
651 1417 830 1445 necessario
844 1427 882 1446 ex
892 1416 1004 1447 vitioso
1018 1415 1186 1454 reipublicae
1198 1414 1323 1443 nomine
1335 1411 1452 1453 aliquid
1464 1410 1621 1440 invenien-

51 1458 136 1495 dum,
158 1457 242 1498 quod
258 1457 356 1491 nobis,
380 1459 432 1498 qui
446 1469 511 1488 eam
531 1458 692 1488 saevitiam
710 1458 880 1497 timuerint,
898 1457 1026 1497 plebem
1043 1466 1120 1487 vero
1136 1466 1280 1485 securam
1295 1454 1469 1493 reliquerit,
1483 1453 1621 1492 apertius

50 1505 287 1530 commonstret.
336 1499 435 1539 quue
464 1500 526 1528 iam
553 1499 692 1528 iudicent
716 1499 824 1539 periti,
856 1510 892 1528 an
922 1505 1009 1528 recte
1030 1507 1220 1537 proponam:
1258 1496 1318 1526 Sub
1347 1496 1464 1529 Tiberio
1487 1501 1513 1523 et
1540 1493 1621 1522 Gaio

51 1548 166 1571 tantum
182 1542 267 1580 pacis
289 1542 408 1570 adversa
431 1543 482 1570 rei
497 1541 729 1580 principibus
745 1543 927 1579 pertimuere.
960 1540 1057 1570 Vides
1080 1538 1259 1578 principum
1282 1547 1404 1572 nomen,
1426 1541 1460 1565 ut
1478 1535 1508 1564 in
1524 1534 1623 1564 nomi-

46 1581 142 1612 nibus
165 1591 259 1621 saepe
282 1592 340 1621 per
362 1582 487 1612 eosdem
503 1582 602 1612 libros
620 1582 731 1616 obviis,
745 1581 815 1611 lieri
833 1582 918 1614 solet,
931 1580 1120 1620 compendio
1135 1579 1298 1619 scriptum,
1312 1584 1445 1618 propter
1459 1578 1501 1606 rei
1512 1585 1622 1604 vocem

52 1623 218 1662 ancipitem
241 1623 323 1652 male
347 1634 415 1653 esse
436 1625 574 1653 solutum
597 1624 626 1652 in
645 1624 786 1661 pubIIcae.
823 1623 931 1652 Simile
955 1621 1073 1662 aliquid
1092 1622 1122 1650 in
1137 1623 1346 1660 imperatorum
1361 1618 1486 1649 nomine
1500 1616 1624 1654 accidit,

52 1664 134 1694 Ann.
147 1664 232 1704 XIV,
248 1664 297 1695 33.
324 1665 371 1693 Ibi
394 1665 612 1704 classicianus,
625 1665 807 1694 Britanniae
819 1670 1009 1704 procurator
1023 1663 1173 1693 Suetonio
1192 1662 1314 1692 discors
1332 1662 1372 1691 ita
1389 1670 1447 1700 per
1460 1658 1622 1699 epistolam

52 1705 178 1736 scribit:
200 1707 311 1735 nullutn
327 1707 440 1745 praelio
454 1706 549 1746 finem
573 1714 779 1746 exspectarent,
801 1707 857 1735 nisi
874 1707 1070 1736 succederetur
1084 1704 1239 1742 Suetonio,
1260 1705 1341 1733 cuius
1355 1704 1474 1732 adversa
1484 1700 1625 1739 pravitati

54 1748 160 1786 ipsius,
184 1757 325 1786 prospera
352 1749 391 1776 ad
403 1748 563 1788 fortunam
585 1749 705 1787 ipsius
727 1748 875 1787 referebat.
920 1748 1045 1786 Legunt
1067 1756 1125 1785 pro
1148 1746 1278 1783 vitioso3
1311 1746 1414 1784 ipsius,
1447 1745 1623 1781 praeeunte

54 1788 240 1826 Puteolano,
263 1789 439 1828 reipublicae.
475 1789 538 1818 Sed
555 1790 654 1829 magis
677 1800 716 1819 ex
737 1799 828 1818 more
850 1788 984 1817 hominis
1008 1787 1136 1827 maligni
1159 1793 1191 1816 et
1212 1793 1405 1826 temporum,
1427 1783 1624 1823 propiusque

56 1829 96 1859 nd
117 1829 280 1859 literarum
304 1830 415 1861 ductus
438 1830 543 1867 fuerit,
569 1831 594 1860 si
617 1832 706 1870 ipsius
729 1841 767 1860 ex
791 1829 980 1870 compendio
1004 1830 1188 1868 imperatoris
1210 1835 1318 1858 natum
1341 1827 1442 1862 dicas3
1473 1824 1531 1853 nisi
1554 1822 1624 1864 quis

55 1870 107 1900 hic
129 1881 254 1911 quoque
271 1873 410 1911 principis
430 1883 542 1902 nomen
564 1872 736 1911 praeferat.
785 1873 866 1901 Reos
889 1881 966 1902 vero
982 1871 1161 1911 principibus
1183 1870 1257 1907 dici,
1285 1869 1338 1910 qui
1363 1869 1432 1910 lege
1454 1864 1624 1896 maiestatis

56 1911 304 1952 postulabantur,
324 1924 384 1954 per
406 1924 439 1943 se
463 1914 676 1955 unusquisque
698 1913 855 1954 intelligit.
