1794 2318
814 122 865 129 ..-
944 99 970 133 8
1049 120 1100 127 ..-.

177 212 214 232 eo
265 199 364 229 uidem
394 197 501 227 ordine
531 195 583 225 vel
616 192 827 223 commendari
854 191 991 231 potuisse
1024 189 1233 230 praetorianis
1262 189 1472 230 intelligatur3
1512 189 1568 219 sed
1605 189 1740 237 amicitia

199 212 324 280 rinttlnpis
346 239 372 268 ei
396 238 504 267 obfuit.
548 235 637 265 Unde
659 244 756 274 porro
781 233 1007 271 concludimus,
1035 232 1148 261 milites
1173 241 1238 267 eos,
1267 231 1380 271 quibus
1402 238 1548 270 praeerat
1570 232 1741 272 Longinus,

175 254 206 313 ii]
235 280 505 323 praetorianorum
532 276 627 306 fuisse
655 276 805 315 partibus.
850 275 948 315 Igitur
977 274 1020 302 eis
1050 283 1112 302 non
1143 273 1243 301 minus
1274 283 1366 313 quam
1396 272 1444 301 his
1476 279 1638 312 suspectus
1663 278 1739 302 erat.

174 324 216 354 Et
243 334 279 353 ex
307 322 354 351 his
383 319 524 351 omnibus
554 319 614 346 iam
637 327 710 346 vera
739 316 833 345 lectio
856 316 980 345 videtur
1006 320 1131 354 patere:
1168 315 1343 351 Longinum
1369 314 1504 342 inanibus
1531 322 1627 343 arcent
1659 324 1740 343 emar·

175 373 310 404 mamque
347 364 427 401 quitt,
449 371 507 389 non
529 360 626 389 ord1'ne
648 359 782 396 militiae,
804 358 854 386 sed
875 368 888 385 e
911 356 1019 385 Galbae
1042 354 1254 394 amicis,fi<lus
1272 356 1411 394 principi,
1439 356 1515 384 suis
1530 363 1563 402 'et
1585 357 1740 384 desciscen-

175 408 250 438 tibus
278 386 435 443 suspectior
466 408 534 430 erat.
588 402 694 439 Atque
724 399 816 427 etiam
847 408 980 437 quorum
1011 397 1064 425 ille
1094 396 1237 425 tribunus
1259 396 1369 433 suerit,
1402 396 1613 435 probablllter
1633 401 1740 443 potest

174 446 349 477 monstrari.
398 442 572 473 Classiariis
601 445 752 480 praeerat.
804 441 880 468 Nam
908 440 938 467 in
968 438 1026 467 hac
1049 449 1109 467 una
1133 444 1238 476 parte,
1273 437 1385 467 relicto
1408 447 1443 466 eo
1465 438 1597 466 militum
1622 437 1740 474 ordine,

199 498 236 518 uo
258 496 352 526 supra
375 479 434 514 eosv
450 483 555 512 induci
578 482 676 518 vides,
697 480 799 510 statim
823 480 922 509 addit:
946 481 1044 517 Legio
1061 480 1180 508 classica
1201 479 1271 508 nihil
1289 486 1422 508 cunctata
1433 480 1629 518 praetorianis
1643 479 1740 508 adiun-

172 500 261 567 gitur.
293 528 412 565 Nempe
433 526 503 564 quia
526 523 670 563 proxime
691 522 730 551 de
753 521 878 551 tribuno
903 531 1013 550 eorum
1037 526 1233 550 tractaverat.
1275 520 1444 550 Praeterea
1466 520 1601 549 duorum
1619 526 1740 549 tantum

173 581 232 611 par
254 569 368 598 animus
398 570 678 599 commemoratur,
713 569 743 592 et
774 563 921 591 classicae
954 562 1085 602 legionis
1113 567 1144 591 et
1171 561 1328 590 exercitus
1360 561 1487 600 Illyrici.
1542 563 1602 590 Hic
1636 567 1740 590 autem

174 609 339 651 proturbat
363 608 485 637 Celsum
509 606 546 634 ad
570 615 603 634 se
625 605 750 634 missum
773 604 853 643 pilis.
903 603 966 632 Sed
995 603 1033 632 ad
1057 603 1232 633 classiarios
1256 608 1405 644 tanquam
1428 602 1466 631 ad
1488 602 1619 632 infestos
1642 612 1740 642 quum

174 652 318 682 tribunus
340 660 401 679 non
423 648 616 683 mitteretur,'
636 646 659 674 is
684 645 821 685 quidem,
852 645 1021 683 Longinus,
1053 644 1091 673 ad
1113 644 1347 684 praetorianos,
1377 650 1412 673 ut
1440 644 1556 684 quibus
1580 643 1740 684 quondam

174 691 354 733 praefuerat
400 690 447 719 ire
476 689 574 717 iussus
607 694 662 716 est.
717 687 828 726 Neque
850 686 881 715 id
905 686 1052 715 dissimile
1074 686 1142 715 veri
1166 692 1227 719 est,
1261 685 1328 714 eius
1351 685 1483 725 legionis
1508 685 1655 715 classicae
1676 694 1739 713 non

174 734 273 764 solum
294 714 453 773 graiarios,
477 729 590 758 milites
614 740 630 757 a
653 727 751 756 Galba
773 729 908 756 intrante
932 727 1088 766 supplicio
1112 737 1177 756 esse
1201 725 1340 764 affectos,
1366 727 1421 755 sed
1444 726 1586 756 tribunos
1610 734 1739 767 quoque

175 780 308 808 amotos,
342 755 371 801 iii
405 781 573 811 eorumque
602 770 705 800 locum
732 769 867 809 aliquem
897 768 1063 798 suffectum
1094 778 1178 806 esse,
1212 768 1265 808 qui
1288 768 1408 797 Neroni
1435 767 1585 804 infestus,
1617 767 1738 814 Galbae

174 815 254 845 fidus
275 814 448 844 videretur:
482 812 580 852 qualis
603 811 761 851 Longinus
785 817 860 839 erat.
907 811 1033 850 Easque
1055 820 1105 838 res
1130 819 1253 845 omnes,
1287 820 1361 849 quas
1385 819 1467 838 nunc
1490 809 1590 850 longis
1613 815 1739 855 ratioci-

174 857 332 886 nationum
355 845 536 893 ambagibus
560 853 791 892 investigamus,
818 851 848 880 in
873 852 1037 881 Annalium
1063 851 1149 879 libris
1174 850 1346 889 deperditis
1371 857 1517 879 accurate
1540 850 1625 879 haud
1646 848 1740 897 dubie

175 898 298 927 Tacitus
321 895 473 935 exposuit.
523 894 618 923 Multa
646 893 741 930 enim,
774 903 851 933 quae
881 892 919 921 ad
942 893 1031 921 huius
1055 892 1178 931 imperii
1201 892 1285 921 initia
1308 892 1481 931 pertinent,
1514 901 1596 921 nunc
1620 891 1738 921 deside-

174 949 286 968 ramus.
317 936 425 967 Veluti
446 936 539 976 longa
563 945 596 965 ea
619 935 836 963 damnatorum
858 934 952 963 series
976 934 1101 970 indicat,
1125 944 1202 973 quos
1219 932 1303 963 Otho
1327 942 1394 973 cap.
1409 934 1457 964 37.
1478 933 1632 963 invidiose
1655 932 1740 973 apud

174 980 283 1009 milites
305 983 478 1015 enumerat.

322 1041 355 1068 In
379 1039 481 1078 capite
504 1038 552 1068 33.
577 1048 637 1065 non
661 1042 746 1065 recte
770 1035 886 1065 codicis
910 1035 1129 1064 auctoritatem
1153 1034 1258 1073 sperni
1282 1034 1396 1063 dixisse
1419 1032 1566 1064 sufficiet.
1587 1034 1632 1063 *Is
1655 1034 1739 1072 enim

174 1080 284 1110 habet:
324 1081 396 1109 Non
423 1080 659 1118 exspectandum,
697 1086 728 1106 ut
755 1079 925 1116 compositis
951 1078 1053 1105 castris
1077 1077 1184 1115 sorum
1211 1077 1330 1111 ,invadat
1365 1083 1391 1104 et
1416 1083 1617 1114 prospectante
1645 1076 1739 1106 Galba

178 1122 349 1161 Capitolium
369 1122 462 1156 adeat,
485 1121 554 1148 (lum
576 1121 707 1156 egregius
730 1121 886 1157 imperator
908 1129 973 1146 cunt
988 1119 1120 1158 sortibus
1140 1114 1242 1146 ‹linit-is
1257 1119 1343 1145 ianua
1358 1127 1391 1145 ac
1409 1117 1505 1146 limine
1520 1125 1602 1146 tenus
1617 1118 1739 1147 domum

176 1164 270 1192 cludit.
319 1162 506 1192 Obsidionem
527 1162 665 1189 nimirum
685 1160 868 1188 toleraturos.
913 1160 957 1188 Et
977 1161 1160 1197 praeclarum
1184 1160 1212 1187 in
1237 1160 1325 1186 savis
1346 1159 1506 1195 auxilium,
1534 1160 1559 1187 si
1582 1176 1623 1180 —
1638 1160 1740 1197 prima

176 1205 334 1241 indignatio
358 1204 547 1240 elanguescat.
591 1202 638 1230 Ac
662 1201 775 1230 decent
796 1200 878 1229 hanc
899 1211 1024 1229 sannam
1048 1200 1213 1228 sententiae
1236 1199 1346 1229 breves
1368 1209 1404 1228 ac
1427 1199 1597 1229 vibrantes.
1633 1200 1737 1240 Vulgo

176 1246 357 1281 toleraturus,
377 1249 530 1272 commate
553 1248 625 1282 post
647 1243 742 1278 cludit,
766 1242 900 1271 orationi
925 1241 1129 1280 praecedenti
1151 1240 1340 1281 adiungitur.
1381 1239 1443 1269 Hic
1464 1251 1587 1282 quoque
1609 1251 1737 1272 casuum

174 1286 341 1326 paritatem
363 1296 379 1314 a
401 1284 536 1313 librariis
559 1294 623 1314 esse
645 1283 826 1324 quaesitum,
848 1289 956 1323 sponte
979 1283 1128 1311 occurrit.

827 1362 922 1390 nist.
954 1362 991 1401 1·>
1023 1361 1072 1392 34.

332 1422 463 1452 Vixdum
492 1432 606 1460 egresso
639 1424 747 1453 PIsone
777 1425 905 1454 occisum
933 1427 961 1454 in
990 1427 1093 1454 castris
1126 1425 1273 1456 Othonem
1300 1436 1391 1465 vagus
1413 1429 1545 1466 primum
1568 1435 1594 1457 et
1616 1428 1739 1465 incertus

177 1475 294 1497 rumor;
316 1473 398 1500 mox,
420 1472 456 1493 ut
478 1466 512 1493 in
535 1467 678 1502 magnis
701 1466 919 1503 mendaciis,
941 1467 1104 1507 interfuisse
1126 1478 1155 1496 se
1177 1469 1296 1507 quidam
1314 1477 1339 1499 et
1363 1470 1466 1498 vidisse
1487 1469 1683 1509 affirmabant.

325 1524 372 1551 En
395 1523 461 1564 tibi,
484 1535 574 1554 causa
598 1526 703 1565 parilis
726 1527 839 1556 iterum
862 1527 951 1557 nobis
977 1530 1095 1567 agenda
1115 1536 1177 1567 est:
1202 1537 1295 1570 alque
1317 1531 1347 1559 in
1370 1537 1433 1560 tam
1456 1531 1583 1572 quidem
1603 1531 1738 1562 robusto

180 1566 270 1605 vitio,
307 1573 341 1596 ut
369 1576 429 1595 non
458 1567 559 1596 minus
588 1567 731 1596 mirabile
759 1568 918 1605 videatur,
953 1570 1037 1610 quod
1060 1577 1123 1599 tam
1146 1572 1198 1600 diu
1220 1582 1252 1600 se
1275 1573 1494 1602 oculatissimis
1516 1573 1738 1613 interpretibus

177 1607 350 1638 subducere
373 1611 522 1647 potuerit,
548 1619 641 1648 quum
664 1608 724 1638 hoc
748 1616 882 1645 certum,
916 1622 931 1638 a
956 1613 1074 1640 eunctis
1098 1612 1157 1640 iam
1181 1613 1285 1652 primo
1310 1621 1439 1653 aspectu
1461 1624 1601 1644 errorem
1623 1614 1663 1644 iri
1685 1615 1738 1644 de-

177 1648 382 1689 prehensum,
414 1656 575 1689 postquam
609 1651 699 1679 semel
721 1661 736 1678 a
760 1661 809 1679 me
832 1651 929 1691 digito
951 1658 998 1681 est
1020 1660 1221 1691 monstratus.
1272 1656 1349 1683 Nam
1379 1655 1453 1695 quid
1482 1661 1542 1685 tam
1567 1655 1738 1686 absurdum

178 1696 236 1724 est,
256 1701 348 1729 quam
372 1689 493 1725 dicere,
520 1691 689 1731 plerosque.
710 1690 851 1721 homines
870 1693 1016 1732 gloriari,
1044 1704 1077 1723 se
1100 1695 1189 1724 alicui
1211 1695 1256 1724 rei
1279 1707 1409 1736 magnae
1432 1696 1628 1735 interfuisse,
1653 1704 1738 1737 post-

178 1741 271 1771 quam
301 1741 336 1759 ea
360 1739 411 1759 res
439 1731 603 1760 mendacio
632 1742 699 1761 esse
727 1732 799 1762 ficta
823 1734 946 1774 cognita
969 1735 1026 1764 est!
1064 1736 1162 1764 Immo
1186 1746 1278 1773 γενος
1315 1737 1353 1765 ad
1377 1748 1442 1772 res,
1475 1749 1555 1778 quae
1579 1739 1622 1767 eis
1644 1749 1738 1768 verae

179 1772 338 1806 videntur,
371 1782 426 1800 suo
448 1771 507 1811 ipsi
530 1772 692 1802 mendacio
715 1774 880 1813 accedunt,
913 1783 946 1805 ut
974 1776 1005 1805 in
1035 1777 1169 1817 aliquam
1199 1778 1320 1817 gloriae
1341 1779 1460 1808 lucrive
1480 1785 1603 1819 partem
1626 1790 1738 1819 perve-

178 1813 273 1842 niant.
316 1812 399 1840 Nihil
425 1813 520 1852 igitur
548 1813 663 1842 certius
690 1824 755 1845 csse
782 1815 911 1856 videtur,
937 1828 1029 1857 quam
1058 1818 1099 1846 ita
1123 1828 1190 1847 esse
1213 1819 1516 1859 interpungendum:
1545 1831 1628 1857 mox,
1657 1829 1689 1851 ut
1710 1823 1739 1851 in

178 1855 310 1891 magnis,
342 1855 497 1883 mendaciis
525 1855 686 1894 inteifuisse
708 1865 737 1884 se
759 1858 877 1895 quidam
899 1857 1095 1898 affirmabant.
1146 1862 1256 1900 Neque
1286 1871 1383 1900 porro
1415 1861 1584 1902 quidquam
1615 1862 1740 1901 certius,

179 1905 270 1935 quani
300 1906 360 1924 non
388 1895 429 1924 ita
456 1896 597 1935 potuisse
624 1895 763 1927 scribere
788 1899 940 1931 Tacitum.
990 1901 1067 1929 Nam
1097 1901 1309 1941 unusquisque
1333 1912 1401 1931 eam
1427 1912 1552 1932 casuum
1575 1903 1739 1943 paritatem

180 1936 390 1976 coniungeret,
412 1946 473 1965 non
495 1936 660 1967 divelleret
682 1938 786 1979 aliquo
810 1946 973 1969 commate.
1017 1942 1073 1971 Est
1095 1943 1200 1982 igitur,
1224 1943 1297 1982 (nisi
1321 1943 1397 1983 quid
1419 1944 1543 1984 gravius
1567 1944 1676 1982 subsit,
1699 1945 1739 1974 de

181 1987 242 2018 quo
263 1977 394 2016 posthac
417 1977 563 2016 dicetur7)
587 1989 623 2008 ea
645 1980 869 2010 terminationis
893 1982 1074 2020 similitudo,
1099 1990 1244 2023 tanquam
1269 1995 1284 2012 a
1308 1984 1438 2013 librario
1461 1985 1616 2024 profecta,
1639 1986 1739 2016 deter-

181 2017 295 2058 genda:
326 2029 414 2055 mox,
441 2027 472 2048 ut
491 2020 520 2048 in
538 2022 668 2057 magnis,
693 2022 842 2051 mendacio
865 2024 1027 2062 interfuisse
1048 2034 1078 2053 se
1100 2026 1219 2064 quidam
1240 2025 1436 2065 affirmabant.

328 2080 369 2109 Et
390 2080 536 2121 fortasse,
570 2093 665 2123 quum
686 2082 723 2113 de
744 2083 997 2123 interpunctione
1019 2090 1188 2122 tractetur,
1218 2086 1257 2115 ad
1281 2086 1375 2115 alium
1403 2097 1528 2128 quoque
1549 2086 1740 2127 scriptorem

183 2119 278 2150 semel
304 2125 408 2152 tamen
437 2122 584 2154 aberrare
611 2124 750 2165 licuerit,
781 2134 875 2165 quem
896 2125 1104 2166 plurimorum
1127 2127 1269 2157 manibus
1290 2127 1398 2158 tritum
1420 2128 1535 2169 insigni
1557 2134 1589 2159 et
1609 2128 1741 2159 notabili
