1794 2318
705 105 757 110 -.
836 81 888 118 19
968 104 1020 112 -.,

223 179 277 209 Sic
301 187 385 208 nunc
416 183 544 207 auctore
572 175 728 205 Rhenano
754 174 805 205 hie
831 176 921 206 loeus
950 175 1085 217 legiturg
1117 185 1188 205 nam
1221 175 1348 207 codices
1374 176 1493 208 hahent
1522 179 1643 218 ignaris.

72 222 176 262 Atque
197 220 361 251 commode
383 220 423 249 ita
447 228 539 259 posse
561 218 679 256 corrigi
702 217 856 247 neminem
880 217 969 259 fugit.
1018 219 1125 258 Itaque
1145 218 1241 258 pietas
1264 228 1340 258 erga
1362 218 1450 249 illum
1470 220 1573 254 ‚virum
1593 227 1642 251 tot

70 262 246 293 nominibus
269 263 309 292 de
332 261 442 291 Tacito
465 269 502 290 ac
523 259 564 289 de
586 258 679 289 nobis
702 259 936 289 meritissimum
959 258 1012 288 diu
1034 259 1127 297 fecit,
1158 265 1193 289 ut
1220 259 1413 298 dubitarem,
1442 271 1480 291 an
1502 262 1531 291 ei
1552 262 1584 292 in
1605 272 1643 292 re

68 304 189 334 incerta
213 310 278 333 tum
302 303 364 333 levi
387 302 588 343 obloquerer.
623 300 745 330 Deinde
767 306 869 330 tamen
891 300 1022 339 veritus,
1044 311 1084 330 nc
1102 300 1185 342 quod
1200 311 1309 331 verum
1327 302 1490 333 videretur
1503 314 1642 344 unquam

20 377 23 381 .
70 355 110 375 ne
123 345 162 374 ab
177 345 397 375 honestissimo
409 354 445 374 eo
462 343 590 384 quidem
606 352 700 372 sensu
724 342 957 379 obscuraretur,
978 352 1136 382 promere,
1157 342 1233 383 quid
1251 342 1288 372 de
1308 342 1371 374 hoc
1391 344 1464 375 loco
1485 345 1643 382 sentirem,

70 387 201 427 placuit.
245 387 367 416 Gnarus
395 386 501 426 igitur,
530 395 623 425 quam
644 394 738 424 saepe
760 383 800 413 ab
829 383 889 415 hoc
915 384 1047 414 librario
1075 384 1178 414 vicina
1210 384 1334 413 nomina
1361 385 1485 416 casibus
1513 387 1643 427 conglu-

70 429 257 465 tinarentur,
283 427 334 458 hic
357 437 483 468 quoque
505 436 615 457 verum
639 435 743 455 casum
768 425 856 455 nobis
880 425 1131 455 subt1·actum.et
1151 426 1370 466 reponendum
1393 427 1511 467 putavi,
1538 429 1641 466 ignari.

71 469 167 513 Quod
190 475 225 499 ut
245 476 401 510 putarem,
426 468 485 498 alia
510 477 601 497 causa
625 467 767 507 accessit.
803 468 882 496 Nam
906 468 1041 497 omnibns
1059 469 1179 497 invicem
1193 469 1296 505 gnaris
1309 473 1427 497 tantum
1444 468 1642 499 Othonianos

71 511 233 548 discimus,
257 511 326 552 quia
350 521 381 541 se
403 519 512 540 ornnes
536 509 671 540 invicem
694 515 835 545 nossent,
859 508 929 538 illos
951 508 1053 538 statim
1078 508 1203 538 aliunde
1225 509 1345 540 venisse
1367 519 1437 539 esse
1458 510 1642 551 suspicatos.

71 553 132 584 Sed
154 562 252 594 quum
275 552 418 592 legimus,
445 551 606 582 Othoniani
627 551 761 580 omnibus
784 552 904 579 invicem
925 551 1236 590 ignariprodebantur,
1258 561 1320 580 non
1339 550 1440 580 solum
1456 551 1641 581 Othonianis

71 604 126 626 eos
148 594 288 625 videmus
311 593 408 622 fuisse
429 593 563 632 ignotOS,
591 592 647 621 sed
671 601 709 621 ne
731 591 818 632 ipsos
842 591 970 632 quidem
993 602 1183 634 quemquam
1206 592 1333 621 novisse
1356 592 1580 633 011101111111111117
1611 599 1643 622 et

71 636 155 666 inter
183 645 236 665 cos
264 634 347 664 haud
377 634 471 664 dubie
500 633 583 663 viros
610 632 731 663 nobiles
760 640 791 662 et
819 633 963 663 omuibus
992 639 1095 663 notos.
1139 633 1225 663 Solet
1254 639 1356 662 autem
1381 634 1471 663 etiam
1494 634 1525 663 in
1547 635 1642 665 rebus

70 676 247 707 minoribus
270 683 330 706 tam
353 675 463 705 lucidis
489 674 652 704 coloribus
681 675 725 703 uti
748 675 892 714 Tacitus,
923 681 958 704 ut
982 673 1062 704 lianc
1085 674 1179 704 etiam
1202 685 1241 704 ex
1260 681 1367 704 mutua
1390 685 1424 705 ea
1446 675 1642 715 ignoratione

71 725 172 748 ortam
196 718 330 747 militum
350 717 454 757 primo
477 715 716 746 admirationem
739 722 770 745 et
790 726 966 755 murmura,
999 715 1114 746 deinde
1142 715 1356 757 quaestionem
1386 722 1415 747 et
1437 716 1643 747 contumelias

73 770 108 789 nc
135 769 254 800 poenas
284 759 323 788 ab
345 769 382 789 eo
411 765 441 787 et
471 756 661 798 significatas
692 763 723 787 ct
749 757 956 787 restituendas
984 766 1138 787 censeam.
1186 759 1332 787 Ceterum
1357 764 1388 787 et
1409 758 1468 787 hac
1489 758 1643 799 interpre-

71 802 189 832 tatione
213 800 305 830 etiam
329 800 450 829 servari
472 809 566 839 posse
589 799 659 828 cod.
686 799 867 835 lectionem,
890 805 1028 838 apparet.
1376 836 1378 838 Ι

224 851 372 881 Similiter
391 861 429 881 ex
451 851 608 890 insperata
633 860 736 880 rerum
760 850 973 880 demutatione
998 850 1030 880 in
1058 850 1159 890 capite
1187 849 1352 890 proximo,
1373 849 1436 887 ⁴76,
1466 851 1641 882 irrisionem

106 893 229 924 landam
254 893 390 923 Othonis
413 892 573 933 quaesivit,
595 902 688 932 quam
711 891 966 930 interpunctione
989 892 1018 921 ei
1041 891 1192 932 eripiunt:
1223 892 1348 921 Primus
1375 891 1487 923 Othoni
1496 892 1642 932 fiduciam

71 937 182 966 addidit
203 945 241 964 cx
264 935 381 973 Illyrico
406 935 540 973 nuncius,
569 934 680 962 iurasse
708 935 736 962 in
759 944 824 963 enm
846 933 1022 963 Dalmatiae
1044 944 1078 963 ac:
1102 933 1278 962 Pannoniae
1300 940 1327 963 et
1349 934 1485 964 Moesiae
1507 935 1641 973 legiones.

72 978 158 1007 Idem
187 987 224 1006 ex
248 976 397 1016 Hispania
426 976 574 1008 adlatnm3
613 975 802 1014 laudatusque
826 985 878 1014 per
907 976 1030 1005 edictum
1057 975 1174 1004 Clnvins
1198 975 1300 1015 Rufus
1322 982 1349 1005 et
1368 976 1471 1005 statim
1491 978 1643 1014 cognitum

72 1027 113 1050 est
135 1028 305 1048 conversam
326 1018 366 1046 ad
383 1018 534 1047 Vitellium
557 1017 748 1055 Hispaniam.
782 1015 888 1056 Vulgo
912 1023 1067 1045 commate
1090 1015 1291 1056 distinguitur
1312 1021 1385 1055 post
1407 1017 1548 1054 adlatum,
1570 1018 1641 1047 colo

68 1059 258 1101 ‘disiungitur
281 1069 296 1087 a
325 1058 525 1099 sequentibus
558 1058 674 1087 Cluvius
702 1057 821 1097 Rufus.-
858 1057 913 1086 sed
938 1058 994 1092 sic,
1029 1068 1083 1097 qne
1109 1075 1149 1080 -—
1179 1065 1204 1086 et
1230 1057 1403 1087 arctissime
1431 1058 1535 1088 iuncta
1564 1059 1644 1090 male

78 1101 277 1131 dirimuntur.
312 1101 376 1129 Nos
398 1099 524 1134 lineola,
547 1109 641 1139 quam
654 1099 775 1130 Walch
800 1099 888 1128 etiam
913 1099 1022 1128 Tacito
1046 1096 1213 1136 inserebat,
1234 1098 1314 1127 haec
1338 1105 1367 1128 et
1388 1099 1460 1128 talia
1484 1106 1643 1130 notamus:

71 1143 114 1173 So
138 1142 247 1172 wurde
270 1141 352 1170 donn
377 1140 504 1170 Cluvius
527 1139 628 1170 Rufus
650 1140 680 1170 in
704 1140 800 1171 einem
823 1139 936 1170 Edicte
957 1139 1069 1171 Lelobt
1090 1140 1151 1170 und
1173 1157 1214 1162 —
1236 1139 1343 1180 gleich
1364 1139 1644 1181 daraufSpaniens

71 1183 180 1215 Abfall
202 1194 240 1213 an
263 1182 412 1215 Vitellius
435 1181 585 1211 bekannt.

220 1233 344 1264 Eodem
366 1234 397 1262 in
420 1233 524 1272 capite
547 1233 729 1273 singularis,
757 1234 910 1274 omnisque
932 1243 1014 1263 versa
1035 1234 1064 1263 in
1092 1232 1242 1263 Orientem
1258 1234 1427 1274 provincia,
1456 1233 1517 1264 iam
1540 1244 1644 1276 supra,

73 1275 111 1307 ad
134 1286 202 1318 cap.
225 1277 275 1316 37,
296 1286 313 1305 a
335 1284 384 1306 me
406 1273 643 1304 commendatus
666 1281 722 1304 est.

723 1333 820 1362 11isn
847 1334 887 1373 1.,
919 1331 970 1363 84.

222 1388 316 1418 Hunc
336 1388 488 1427 auspicato
510 1397 529 1417 α
547 1393 668 1426 parente
691 1393 717 1415 et
738 1386 888 1415 conditore
910 1384 989 1414 urbis
1010 1391 1127 1413 nostrae
1149 1384 1314 1423 institutum
1337 1392 1362 1414 et
1380 1395 1398 1413 a
1420 1385 1535 1423 regibus
1555 1396 1645 1426 usqne

71 1430 112 1459 ad
124 1430 271 1469 principes
296 1430 467 1458 continuum
489 1436 515 1458 et
536 1428 734 1458 immortalem
757 1425 930 1466 [senatum]
953 1426 1005 1455 sic
1026 1435 1044 1454 α
1065 1425 1226 1455 maioribus
1248 1426 1426 1465 accepimus,
1452 1427 1495 1456 sic
1518 1429 1644 1466 posteris

72 1472 232 1502 tradamus.
278 1470 363 1501 Nam
384 1477 415 1499 nt
437 1480 475 1499 ea:
497 1470 577 1500 vobis
596 1477 755 1507 senatores,
776 1470 817 1498 ita
839 1477 877 1497 em
899 1466 1079 1497 senatoribus
1095 1467 1243 1506 principes
1264 1474 1430 1496 nascuntur.

221 1521 393 1552 Pulchram
423 1521 505 1551 hane
534 1526 566 1550 et
595 1520 739 1552 consulto
768 1519 799 1548 in
827 1518 891 1548 {ine
919 1516 1069 1548 orationis
1092 1517 1260 1558 quaesitam
1283 1517 1481 1558 repetitionis
1503 1518 1644 1560 figuram,

72 1564 113 1594 sic
133 1580 176 1588 —
196 1565 248 1600 sic,
270 1574 363 1604 quam
386 1563 486 1593 codex
508 1569 623 1599 tuetur,
647 1561 833 1601 eripuerunt
855 1559 946 1589 nobis
968 1559 1167 1598 interpretes,
1190 1568 1226 1588 ac
1248 1559 1488 1599 rescripserunt,
1508 1562 1582 1590 sicut
1602 1578 1643 1584 -—-

72 1606 123 1636 sic.
160 1604 247 1648 Quid
268 1604 362 1644 passi,
384 1611 436 1634 aut
457 1604 533 1645 quid
554 1603 657 1642 veriti,
679 1613 740 1633 non
765 1601 856 1631 facile
878 1600 1004 1631 dixeris.
1041 1600 1146 1643 Quam
1168 1610 1230 1630 non
1255 1600 1354 1632 solum
1377 1601 1443 1640 ipsa
1465 1611 1516 1631 res
1539 1602 1645 1641 docet,

72 1646 215 1687 apprime
237 1645 291 1675 hic
313 1655 381 1676 esse
402 1652 516 1686 aptam,
536 1645 616 1685 (also
638 1643 741 1673 haben
764 1643 823 1673 wit·
845 1642 912 1672 dies
933 1640 1145 1672 unsterbliche
1166 1641 1290 1671 Institut
1312 1652 1373 1673 von
1395 1652 1511 1672 unsern
1530 1643 1645 1674 Abnen

72 1687 311 1725 iiberlzommem
341 1688 404 1717 also
428 1687 504 1716 lasst
526 1696 559 1716 es
583 1696 694 1716 unsern
714 1683 836 1714 Enlieln
858 1694 918 1713 uns
939 1682 1151 1724 iibergcben),
1175 1683 1229 1713 scd
1253 1692 1291 1713 ne
1311 1683 1341 1712 in
1363 1684 1436 1713 sirm
1458 1683 1645 1723 demutetur,

94 1729 215 1759 roxime
238 1729 331 1758 etiam
353 1738 530 1765 recurrens,
552 1736 584 1757 nt
607 1745 642 1750 —-
668 1728 709 1757 ita
730 1736 786 1755 nos
809 1725 969 1755 admonet.
1003 1724 1067 1755 Sed
1089 1734 1183 1765 quam
1203 1723 1332 1754 difficile
1350 1724 1399 1765 sit,
1420 1724 1524 1756 libero
1539 1726 1643 1756 animo

97 1780 128 1800 as
151 1780 199 1801 res
221 1769 393 1810 inspicere,
423 1768 602 1808 tvaliheri,
637 1775 668 1799 at
690 1767 861 1798 acutissimi
883 1765 1032 1803 hominis,
1065 1771 1140 1796 nota
1170 1776 1228 1796 nos
1251 1765 1363 1804 docet,
1394 1766 1449 1807 qui
1469 1769 1527 1798 Ms.
1547 1767 1645 1806 Flor.,

73 1811 184 1853 inquit,
205 1812 256 1852 sic,
278 1811 364 1853 quod
385 1821 446 1842 non
467 1810 562 1841 video
585 1809 744 1853 quomodo
767 1818 877 1838 sanum
899 1808 966 1838 Jac.
987 1807 1151 1838 Gronovio
1174 1806 1273 1838 videri
1294 1808 1444 1848 potuerit.

729 1871 778 1901 IIi
788 1877 831 1901 st.
860 1871 898 1908 I.,
932 1869 982 1901 85.

225 1924 271 1954 Et
290 1926 387 1955 orario
410 1942 452 1947 -—
470 1931 556 1963 grate
577 1930 707 1964 accepta,
735 1923 947 1963 compositique
974 1922 1014 1951 ad
1035 1922 1173 1961 praesens
1198 1922 1250 1961 qni
1274 1923 1399 1952 coerceri
1422 1932 1481 1952 non
1496 1929 1644 1962 poterant.

78 1965 151 1996 Non
173 1973 271 1996 tamen
292 1968 373 2005 quies
394 1966 473 1996 urbis
494 1967 633 1996 redierat.-
664 1967 800 2005 strepitus
818 1965 943 1994 telorum
963 1971 989 1993 et
1003 1963 1101 2003 facies
1126 1963 1190 1992 belli
1214 1970 1310 1998 erat,
1338 1964 1492 2003 militibus,
1522 1971 1554 1993 ut
1575 1964 1646 1993 nihil

75 2008 104 2036 in
126 2017 281 2037 commune
308 2009 503 2047 turbantibus,
532 2008 573 2037 ita
600 2008 711 2045 sparsis
734 2017 787 2046 per
807 2006 914 2036 domos
936 2005 1049 2035 occulto
1072 2004 1172 2035 habitu
1193 2012 1221 2034 et
1241 2005 1372 2043 rnaIIgna
1393 2015 1462 2035 cura
1484 2006 1512 2035 in
1535 2015 1645 2042 omnes,

74 2059 149 2088 quos
171 2065 211 2072 —-
231 2049 372 2079 claritudo
393 2049 560 2079 rumoribus
580 2049 731 2078 obiecerat.
1484 2045 1488 2057 ²

225 2099 309 2130 Ante
336 2101 439 2132 omnia
469 2099 740 2131 emreiiciendum
761 2097 1050 2139 restituendumque
1071 2095 1159 2139 quod
1179 2106 1288 2127 omnes
1309 2095 1432 2128 codices
1453 2096 1586 2135 habent,
1610 2104 1646 2126 et.

1253 2152 1333 2193 (32)
