1794 2318
727 96 1013 132 —7—

230 199 341 230 nist.
362 201 421 232 II.
451 208 485 231 e.
509 200 580 233 36.
623 200 686 240 „Et
700 200 856 241 praelium
870 200 999 241 quidem
1022 199 1211 241 abrepfis
1235 212 1313 243 quae
1328 209 1513 243 supererant
1526 203 1657 235 navibus

79 240 155 283 fuga
173 240 398 281 diremptumf‘

227 283 280 312 Sic
303 282 439 323 quidem,
460 282 534 312 dum
558 282 610 312 alii
634 283 726 313 aliter
748 283 928 320 conficiunt,
951 284 1097 325 plerique
1119 285 1146 313 J.
1163 285 1215 314 Fr.
1232 284 1428 315 Gronovium
1451 287 1551 316 secuti
1573 297 1656 317 nunc

78 323 230 354 scribunt.
286 323 363 353 Mihi
392 334 467 354 vero
499 325 621 366 longius
651 325 802 355 recedere
835 336 868 355 ea
903 336 964 356 vox
996 327 1122 356 fidetur
1159 337 1174 354 a
1212 327 1304 356 codd.
1344 328 1435 365 vitio,
1478 329 1657 368 arruptis.

78 366 204 395 Memor
227 366 307 396 enim
329 371 391 395 tam
415 365 561 396 similiter
582 367 612 396 in
636 367 789 407 scriptura
814 367 1057 408 Longobardica
1082 368 1166 408 pingi
1190 379 1203 397 s
1226 375 1256 397 et
1278 380 1307 407 r,
1336 375 1371 398 ut
1394 369 1540 410 distingui
1563 380 1658 409 saepe

77 407 131 437 vix
155 414 279 448 queant,
300 407 389 437 vides
406 418 498 437 unam
522 408 670 438 lineolam
684 409 813 450 requiri,
837 416 868 439 ut
890 420 928 439 ex
950 410 1086 450 arruptis
1111 410 1243 450 assfiptis
1267 410 1399 449 potiare.
1444 411 1542 448 Magis
1566 412 1658 441 etiam

77 447 139 478 hoc
161 449 293 478 verbum
318 449 356 478 ad
379 459 447 478 rem
471 456 590 489 gestam
614 450 714 490 aptari
737 450 871 480 videtur.
914 452 1016 480 Naves
1046 453 1126 480 enim
1158 462 1174 480 a
1204 452 1367 481 Germanis
1399 452 1575 482 natantibus
1599 453 1659 482 sin-

77 490 167 530 gulae
194 496 355 530 petuntur.
404 490 582 532 Aufugiunt
612 492 785 522 Othoniani
815 493 857 522 eis
885 503 986 534 „quae
1017 494 1232 533 supererant.⁴‘
1288 494 1399 522 Nonne
1422 494 1517 533 igitur
1538 504 1576 523 cx
1597 493 1658 524 hoc

77 532 292 562 additamento
331 533 517 570 concludas,
557 544 618 563 non
650 533 790 574 abreptis
817 535 869 564 vel
897 536 1000 575 potius
1030 535 1146 575 ereptis
1181 534 1353 576 aufugisse,
1392 537 1446 564 sed
1480 536 1536 571 eis,
1581 546 1657 576 quas

76 573 226 603 Germani
254 585 316 604 non
349 576 567 606 tentaverant?
621 576 713 605 Unde
740 576 893 608 coniicioz
929 576 1087 617 praelium
1117 577 1331 616 assumptis
1361 586 1442 618 quae
1470 583 1658 616 supererant

77 614 212 645 navibus
237 615 440 656 diremptum.

226 669 336 699 llist.
359 670 419 700 ΙΙ.
453 677 487 698 e.
509 668 586 700 41.
639 670 854 708 „Interruptus
884 669 1082 699 tribunorum
1113 680 1236 706 sermo3
1270 679 1375 709 eoque
1404 669 1558 700 incertum
1587 669 1656 709 fuit,

66 708 204 739 ‘insidias
228 721 272 739 an
297 710 510 749 proditionem
540 711 602 740 vel
626 710 755 751 aliquod
776 710 944 741 honestum
968 712 1133 741 consilium
1157 711 1404 751 coeptaverintf²

226 761 368 791 Dubium
391 762 467 790 milii
490 773 550 792 non
571 769 631 798 est,
667 763 742 803 quin
766 773 807 791 an
831 769 860 792 et
883 763 936 792 vel
962 763 1066 792 locum
1090 763 1247 792 mutarint.
1292 763 1369 791 Nam
1394 762 1556 792 dubitatur
1578 763 1656 793 inter

74 801 208 833 honesta
231 809 263 832 et
286 803 459 840 inhonesta,
482 803 720 834 inhonestorum
744 804 859 833 electio
883 804 986 843 datur,
1006 805 1089 834 inter
1111 804 1237 834 insidias
1261 805 1325 833 vel
1349 804 1572 843 proditionem.

228 855 339 885 llist.
363 857 423 887 11.
447 864 482 885 e.
503 857 571 887 49.
614 858 716 895 „Tum
747 856 856 886 adlatis
885 856 1090 898 pugionibus,
1125 868 1196 886 cum
1223 856 1416 896 utrinque
1443 861 1656 896 pertentasset,

77 896 209 926 alterum
232 896 327 936 capiti
351 897 522 926 subdidstf‘

225 947 271 975 Ita
299 946 386 983 cod.3
423 956 458 974 ac
480 951 579 975 recte.
609 946 797 986 utrinque
826 952 913 975 notat
939 951 1107 987 utramque
1136 945 1309 986 pugionum
1334 946 1443 982 aciem,
1468 959 1545 987 quos
1575 947 1654 977 duos

74 986 171 1018 {uisse
184 987 305 1017 adlatos
321 988 496 1016 alterum
516 989 683 1028 insequens
696 988 766 1017 satis
781 988 920 1016 denotat.
932 994 1023 1016 utru
1035 999 1064 1016 m
1075 998 1148 1028 quc
1164 989 1299 1018 correxit
1312 987 1343 1016 in
1358 999 1456 1028 marg.
1469 989 1654 1019 Beroaldus.

225 1040 335 1070 nist.
354 1041 414 1071 11.
435 1048 469 1069 ο.
493 1037 566 1070 50.
618 1039 737 1079 „Avem
768 1039 924 1068 invisitata
955 1039 1059 1078 specie
1088 1039 1172 1079 apud
1202 1039 1335 1079 Regium
1358 1040 1509 1079 Lapidem
1534 1039 1654 1069 celebri

73 1080 165 1111 luco
193 1081 375 1112 consedisse
405 1080 529 1111 incolae
555 1086 749 1120 memorant,
782 1090 840 1109 nec
870 1080 986 1109 deinde
1013 1087 1161 1110 coetum
1191 1080 1352 1110 hominum
1382 1088 1433 1110 aut
1456 1082 1654 1111 circumvoli-

73 1122 206 1151 tantium
238 1123 343 1152 alitum
371 1123 514 1152 territam
542 1123 722 1162 pulsamve,
759 1122 859 1151 donec
888 1121 974 1151 Otho
1002 1132 1035 1151 se
1056 1122 1123 1162 ipse
1146 1121 1350 1152 interficeret.
1373 1128 1436 1151 tum
1460 1122 1594 1151 ablata
1614 1133 1653 1152 ex

73 1164 182 1193 oculis.
250 1166 291 1195 Et
330 1170 470 1205 tempora
512 1163 732 1204 reputantibus
770 1163 889 1193 initium
925 1162 1082 1204 finemque
1116 1164 1260 1193 miraculi
1290 1174 1360 1193 cum
1397 1163 1531 1193 Othonis
1567 1164 1653 1193 exitu

73 1206 292 1246 competisse.“

225 1249 337 1277 Luco
359 1247 420 1276 iam
443 1247 559 1276 dudum
583 1258 599 1275 a
622 1247 784 1288 plerisque
797 1247 868 1277 VV.
878 1247 948 1275 ΠΙ).
973 1246 1160 1286 rescriptum
1187 1252 1234 1275 est
1254 1256 1313 1285 pro
1337 1246 1529 1282 coniectura,
1552 1246 1651 1275 loco.

71 1290 176 1319 Lucos
208 1289 291 1318 enim
329 1298 420 1328 saepe
451 1289 565 1317 multos
598 1288 757 1317 hominum
794 1288 971 1328 frequentia
1006 1287 1181 1317 abundasse
1215 1288 1369 1316 novimus.
1419 1289 1540 1317 Coetu
1575 1298 1651 1317 vero

72 1336 194 1360 tantum
218 1342 279 1360 non
303 1340 413 1360 ornnes
437 1331 606 1370 corrigunt.
656 1330 718 1360 Sed
742 1329 954 1359 accusativum
978 1328 1072 1367 hunc,
1094 1339 1187 1369 quem
1212 1330 1367 1358 Graecum
1392 1339 1488 1367 prave
1506 1329 1652 1364 vocitant,

72 1373 168 1404 etiam
191 1373 302 1401 Tacito
331 1371 519 1401 familiarem
548 1381 632 1408 esse,
662 1382 755 1401 nemo
779 1378 889 1412 negat3
912 1381 948 1400 ac
971 1371 1061 1400 decet
1083 1371 1193 1399 miram
1216 1370 1296 1398 hanc
1320 1370 1456 1398 fabulam
1480 1371 1651 1410 quaesitior

72 1425 109 1445 ea
132 1420 302 1444 structura.
343 1414 453 1453 Neque
475 1413 577 1442 minus
601 1419 673 1454 apte
694 1413 732 1442 ad
750 1413 810 1443 hoc
827 1412 952 1442 dicendi
967 1422 1075 1452 genus,
1098 1411 1190 1440 {inem
1207 1411 1352 1440 miraculi
1368 1411 1508 1451 afferens,
1529 1411 1651 1441 excedit

72 1466 112 1486 ex
143 1456 286 1486 oratione
315 1455 488 1495 pendente:
524 1461 609 1492 „tum
638 1455 774 1485 ablata
800 1466 838 1485 ex
860 1454 988 1483 oculis.“
1031 1454 1102 1482 Nou
1125 1453 1221 1493 igitur
1244 1462 1303 1493 ego
1325 1453 1421 1481 ausim
1447 1462 1517 1482 cum
1539 1453 1651 1492 pleris-

72 1508 143 1539 que,
173 1497 346 1526 ablatam
371 1496 550 1536 corrigens,
585 1498 665 1526 hanc
688 1497 870 1538 elegantiam
901 1496 1025 1534 cripere
1055 1496 1182 1535 Tacito,
1221 1495 1275 1535 qui
1303 1500 1469 1535 utramque
1499 1493 1649 1524 orationis

71 1540 208 1570 formam
230 1549 294 1569 nou
317 1538 412 1568 semel
435 1538 568 1568 miscuit.

222 1592 333 1624 nist.
355 1591 417 1621 11.
441 1599 476 1621 e.
499 1590 567 1622 52
624 1589 920 1630 „Oneravitque
948 1587 1120 1617 Asiaticum
1148 1587 1278 1625 annulis,
1306 1586 1431 1617 foedum
1458 1586 1648 1626 mancipium

72 1639 101 1664 et
122 1633 210 1663 malis
233 1633 352 1662 artibus
376 1630 607 1662 ambitiosum.“

221 1685 404 1715 Dolcndum
419 1683 576 1724 profecto,
599 1682 683 1723 quod
698 1681 852 1719 VVahher
867 1681 905 1710 ad
921 1687 967 1710 tot
990 1681 1027 1710 de
1049 1680 1159 1709 Tacito
1181 1680 1290 1709 merita
1313 1679 1374 1709 hoc
1398 1679 1514 1709 addere
1536 1679 1647 1718 noluit,

71 1732 107 1756 ut
128 1736 200 1756 cum
221 1726 282 1755 iam
306 1727 430 1767 iamque
453 1736 559 1755 veram
582 1724 663 1753 hanc
686 1724 713 1753 ei
734 1723 938 1762 scriptionem
963 1723 1032 1752 cod.
1055 1721 1236 1751 redditurus
1259 1728 1357 1759 esset,
1385 1721 1499 1750 deinde
1522 1731 1646 1749 manum

73 1767 254 1804 cohiberet,
280 1778 385 1809 neque
421 1768 590 1802 eximeret,
630 1765 714 1806 quod
737 1765 767 1794 in
791 1765 896 1794 tritam
924 1764 1079 1793 sermonis
1102 1763 1308 1792 urbanitatem
1332 1761 1505 1792 relabentes
1526 1761 1646 1791 librarii

71 1810 318 1849 rescripseram,
358 1809 659 1848 honoravitque.
716 1806 801 1851 Quid
838 1816 893 1835 nos
922 1816 990 1836 eum
1015 1815 1176 1835 censorem
1200 1804 1312 1833 fecisse
1334 1803 1561 1841 indicaremus,
1593 1804 1645 1843 qui

72 1861 142 1881 cum
171 1851 423 1891 scripsissemus,
455 1862 492 1880 u:
519 1849 672 1889 heha'ngte
694 1848 748 1877 ihn
771 1847 829 1877 mit
852 1847 948 1877 einem
972 1847 1097 1886 Orden,
1131 1845 1335 1884 rescriberet,
1371 1855 1402 1875 u:
1435 1844 1567 1873 heehrte
1590 1845 1643 1873 iliu

70 1893 127 1923 mit
149 1892 246 1922 einem
272 1893 405 1924 Orden?

221 1946 331 1977 Rist.
353 1947 413 1977 11.
437 1952 471 1974 e.
493 1943 564 1975 59.
607 1943 695 1981 „Ipse
720 1940 871 1980 Albinus,
900 1939 973 1968 dum
997 1949 1015 1969 e
1037 1939 1201 1979 Tingitana
1223 1938 1386 1979 provincia
1409 1937 1642 1968 Caesariensem

70 1986 296 2016 Mauretaniam
327 1987 419 2026 petit,
453 1985 622 2026 adpulsu
650 1983 785 2014 litoris
814 1981 1006 2016 trucidatus3
1038 1992 1118 2010 uxor
1140 1981 1216 2017 eins,
1254 1990 1325 2009 cum
1348 1990 1382 2009 se
1405 1978 1642 2017 percussoribus

69 2027 255 2068 obtulisset,
288 2029 379 2058 simul
400 2027 563 2057 interfecta
587 2031 649 2063 est3
690 2024 767 2054 nihil
790 2034 899 2053 eorum
921 2033 1002 2064 quae
1022 2022 1134 2052 fierent
1156 2021 1287 2052 Vitellio
1310 2020 1502 2061 anquirente.
1545 2019 1642 2048 Brevi

69 2069 178 2116 auditu
207 2071 349 2109 quamvis
378 2080 492 2110 magna
514 2067 752 2098 transibant.
795 2067 901 2106 Impar
923 2066 1006 2094 curis
1028 2063 1228 2105 gravioribus
1250 2062 1420 2093 exercitum
1442 2078 1482 2083 -—
1503 2070 1641 2101 pergere

68 2109 187 2141 iubet.“
229 2117 291 2141 etc.
