1794 2318
734 153 783 159 -..
862 131 916 168 29
990 155 1039 162 -

243 233 356 266 lbid.
400 232 526 273 „Atque
548 231 612 272 'per
639 233 801 264 avaritiam
824 234 1064 267 Claudianorum
1092 241 1270 277 temporum
1292 244 1395 277 empto
1418 237 1484 268 iure
1504 238 1664 268 muniendi

92 283 235 306 struxere
264 285 368 304 muros
399 275 430 303 in
459 284 538 313 paee
569 280 718 316 tanquam
746 276 784 305 ad
806 276 941 314 bellum,
975 289 1111 318 magna
1135 279 1270 308 colluvie
1293 286 1320 309 et
1345 286 1517 309 ceterarum
1538 280 1664 309 urbium

91 318 182 351 clade
205 317 306 352 aucti;
328 327 399 346 nam
422 316 692 355 pervicacissimus
713 317 846 358 quisque
868 319 942 349 illuc
964 320 1158 359 perfugerat,
1182 330 1282 361 eoque
1305 321 1483 350 seditiosius
1499 320 1663 361 agebant.“

243 373 313 401 Non
336 370 462 408 dubito,
497 370 571 411 quin
594 370 714 411 aliquid
737 371 890 400 exciderit
914 378 984 401 ante
1008 372 1122 411 verba,
1155 383 1290 412 inagna
1320 372 1507 403 colluvie.
1550 372 1664 402 Priora

94 410 175 442 enim
210 412 313 443 onmia
348 412 387 440 ad
423 411 568 451 priorum
601 419 780 452 temporum
816 413 1003 443 munimenta
1038 416 1232 451 referuntur;
1282 414 1355 443 hinc
1399 425 1447 443 res
1485 419 1663 453 praesentes

93 459 269 483 tractantur
321 454 417 492 Nam,
445 460 480 482 ut
503 454 666 494 sequentia
689 454 805 485 docent
827 455 1110 494 (pervicacissimus
1135 456 1267 496 quisque
1290 456 1364 484 illuc
1386 454 1567 495 perfugerat
1587 458 1662 492 etc.)

92 495 265 535 „colluvies
297 501 330 527 et
359 495 462 524 clades
492 504 666 525 ceterarum
696 496 844 525 urbium<⁸
879 497 916 525 ad
951 497 1066 526 bellum
1096 497 1279 536 Vespasiani
1312 503 1462 536 spectant.
1526 497 1553 525 Is
1583 496 1664 526 enim

91 540 176 576 (cap.
201 537 261 575 10.)
297 537 399 577 „intra
426 535 501 565 duas
529 544 656 567 aestates
684 545 796 567 cuncta
832 548 1013 578 camporum
1049 549 1222 579 omnesque
1257 545 1384 578 praeter
1414 537 1663 576 Hierosolymam

92 578 190 608 urbes
218 578 343 608 victore
372 578 511 608 exercitu
540 578 693 608 tenebar-4
744 579 795 608 Ad
823 579 902 609 haec
931 590 1007 609 vero
1036 587 1068 609 ut
1098 580 1128 609 in
1160 580 1270 609 eadem
1301 580 1433 619 periodo
1463 579 1507 608 sic
1537 578 1662 608 transiri

91 619 206 660 possit,
242 620 359 649 nemini
381 619 548 659 probabile
570 620 737 650 videbitur.
781 622 929 651 Fortasse
952 622 1023 651 satis
1047 622 1158 658 suerit,
1181 621 1325 651 haustum
1346 632 1404 661 per
1423 621 1561 650 bellum
1584 626 1662 649 tum

92 671 268 701 apponere:
299 662 472 703 „Struxere
494 673 598 692 muros
623 669 771 703 tanquam
795 663 832 692 ad
855 663 983 692 bellum.
1028 665 1108 692 Tum
1129 674 1241 704 magna
1265 663 1399 693 colluvie
1420 679 1461 685 ——-
1484 661 1661 691 seditiosius

92 702 235 744 agebant.
280 704 358 733 Tres
382 703 489 742 duces,
509 710 571 733 tres
595 703 780 734 exercitus.“
803 711 859 734 ete.

244 753 355 786 nist.
375 756 424 785 V.
459 761 496 784 e·
522 753 593 786 13.
638 757 835 795 „Apertae
861 762 988 795 repente
1017 755 1143 785 delubri
1171 754 1288 787 fores.“
1336 756 1387 785 Sic
1415 754 1558 785 scribere
1586 753 1662 783 mihi

90 795 281 825 tutissimum
306 796 437 825 videtur.
480 795 559 824 Nam
584 796 653 826 cod.
678 803 884 836 expertae,
905 797 952 826 ed.
974 797 1056 838 Spir.
1080 806 1254 838 apertae.
1296 796 1483 836 Interpolati
1504 796 1535 825 in
1558 795 1661 826 omnia

92 837 265 867 discedunt.

243 887 352 919 lltst.
373 888 421 918 V.
445 895 480 916 (3.
505 885 578 917 16.
622 888 850 930 „Praemiaque
877 889 908 920 Sc
932 890 1020 930 quies
1049 890 1079 919 in
1108 898 1269 931 posterum
1299 888 1515 930 sperabatui·.“
1559 887 1661 931 Quam

90 939 185 969 saepe
207 929 334 958 Tacitus
365 934 531 967 poetarum
561 938 651 958 more
678 930 773 959 verba
803 931 840 959 ad
868 942 981 961 nomen
1012 933 1187 971 proximum
1211 932 1360 972 singulari
1383 941 1512 960 numero
1534 933 1660 964 reserat,

90 971 266 1001 didicimus,
324 970 428 998 Nolim
457 969 561 1010 itaque
590 971 856 1010 sperabantur
884 973 1009 1012 corrigi.
1075 976 1117 1005 C.
1149 973 1221 1005 12.
1265 974 1375 1017 „Quae
1406 971 1565 1012 provideri
1594 978 1660 999 astu

92 1013 181 1043 ducis
205 1010 394 1052 oportuerit,
414 1011 595 1050 provisa,
619 1022 745 1052 campos
769 1014 929 1043 madentes
954 1021 985 1043 et
1005 1015 1079 1054 ipsis
1093 1013 1238 1055 gnarosf‘
1281 1015 1358 1044 (jod.
1380 1014 1554 1054 previse3
1576 1011 1659 1041 unde

91 1055 118 1084 si
138 1053 293 1094 peccandi
312 1062 434 1081 morem
456 1052 547 1081 huius
570 1052 690 1082 librarii
714 1062 846 1093 reputes,
870 1056 968 1095 magis
989 1057 1158 1085 verisimile
1178 1056 1331 1093 videatur,
1353 1056 1487 1085 mediam
1511 1053 1659 1094 syllabam

88 1096 244 1126 interisse:
269 1094 381 1140 „Quae
404 1094 568 1133 provideri
591 1096 779 1135 oportuerit7
801 1098 1041 1136 providisse.

241 1148 349 1185 Uist.
372 1147 420 1177 V.
443 1156 477 1177 e.
499 1149 571 1178 2³1).
614 1150 834 1189 „Tantumque
862 1148 939 1177 belli
963 1148 1134 1188 superfuit,
1172 1154 1207 1178 ut
1232 1147 1386 1188 praesidia
1414 1164 1456 1168 —
1479 1144 1585 1175 Civilis
1613 1144 1658 1173 in-

90 1189 207 1219 vaserit
228 1207 269 1211 -—
292 1190 334 1219 ita
357 1189 498 1220 divisis
527 1189 635 1230 copiis,
670 1195 705 1218 ut
725 1189 792 1229 ipse
814 1197 842 1220 et
864 1190 970 1221 Verax
991 1200 1103 1220 sorore
1126 1189 1192 1219 eius
1216 1190 1350 1230 genitus,
1386 1187 1603 1227 Classicusque
1626 1191 1658 1214 et

90 1233 191 1262 Tutor
213 1233 291 1261 etcf‘

243 1272 320 1302 Cod.
344 1272 476 1304 divisi.
520 1272 631 1312 Neque
656 1271 773 1311 inepte.
793 1272 918 1302 nomina
943 1273 1059 1313 quippe
1085 1272 1200 1301 ducum
1222 1272 1366 1312 proxime
1388 1270 1581 1311 sequentium
1595 1268 1656 1296 iam

89 1315 120 1343 in
145 1314 248 1344 animo
270 1313 454 1343 haerebant.
497 1313 660 1342 Librarius
682 1313 784 1353 potius
807 1314 845 1342 ad
868 1314 898 1343 id
922 1314 1070 1354 proclivis
1094 1319 1146 1350 est,
1169 1320 1201 1343 ut
1219 1313 1361 1353 sequenti
1374 1311 1490 1342 nomini
1505 1309 1657 1340 adiectiva

91 1356 241 1395 adstruat,
263 1366 357 1396 quam
381 1362 414 1385 ut
436 1365 509 1384 casu
532 1354 683 1394 seiungat.

240 1407 353 1438 Ebid.
403 1408 465 1443 „Et
486 1405 609 1436 interim
633 1406 865 1435 Germanorum
887 1415 995 1434 manus
1018 1404 1212 1435 Batavoduri
1233 1405 1457 1444 irrumpere
1479 1401 1656 1432 incohatum

89 1455 217 1489 pontem
240 1446 456 1477 nitebantur.“
1193 1488 1195 1490 v

240 1498 382 1538 Corrigit
409 1497 552 1536 Ernesti,
584 1506 784 1536 rumpere,
816 1502 990 1537 sequuntur
1012 1496 1173 1537 plerique,
1208 1496 1351 1526 defendit
1373 1497 1565 1533 irrumpere,
1600 1493 1655 1522 sed

89 1550 152 1570 non
185 1545 275 1569 recte
305 1539 468 1577 XValther,
501 1539 679 1578 irrumpere
707 1548 772 1568 esse
802 1548 924 1574 eorum,
958 1538 1011 1579 qui
1041 1537 1222 1567 inchoatum
1249 1545 1378 1578 pontem
1412 1536 1518 1577 perlici
1545 1534 1653 1565 nolint.

89 1582 150 1612 Sed
170 1581 295 1620 mirum,
318 1580 343 1609 si
365 1581 417 1610 vel
438 1581 499 1610 hoc
520 1580 567 1608 illi
590 1585 724 1619 egerunt
744 1580 795 1609 vel
815 1579 907 1608 etiam
923 1586 1049 1619 pontem
1066 1586 1224 1618 ruperunt.
1268 1580 1315 1608 Illi
1335 1589 1408 1609 vero
1423 1577 1654 1607 Batavodurum

88 1624 207 1664 impetu
231 1622 355 1661 capturi
380 1627 511 1662 pontem
540 1621 781 1660 irrumpere,
818 1620 838 1649 i.
859 1630 885 1650 e.
909 1631 966 1661 per
988 1626 1114 1660 pontem
1137 1621 1260 1649 irruere
1284 1620 1478 1657 nitebantur,
1514 1617 1653 1658 quamvis

90 1664 287 1701 inchoatum3
311 1663 406 1703 plane
428 1674 467 1693 ex
488 1662 589 1703 gentis
612 1662 750 1703 ingenio,
771 1661 874 1698 nandi,
895 1670 928 1692 ut
949 1662 1128 1701 saepissime
1148 1661 1286 1702 legimus,
1308 1661 1428 1701 peritae
1450 1666 1481 1689 et
1503 1669 1653 1700 aquarum

90 1711 351 1777 appetentisI-ist
369 1746 416 1776 V.
440 1753 475 1776 e.
491 1745 563 1777 21.
588 1741 670 1784 '',.Ne
691 1750 756 1773 tum
778 1743 905 1784 quidem
927 1745 1069 1773 Romana
1092 1744 1198 1773 classis
1221 1742 1338 1778 adfuit3
1361 1749 1398 1773 et
1420 1742 1534 1771 iussum
1558 1741 1654 1769 erat.“

92 1789 276 1830 Corrigunt,
305 1794 353 1817 ut.
404 1787 465 1817 Sed
494 1796 550 1815 cur
578 1786 704 1815 tandem
732 1785 798 1823 hic,
831 1791 894 1814 tam
923 1795 979 1814 suo
1007 1785 1077 1815 loco
1105 1785 1123 1814 i.
1146 1795 1174 1814 e.
1202 1795 1273 1814 cum
1303 1783 1443 1824 emphasi
1470 1783 1651 1816 venientem,

88 1831 276 1872 particulam
298 1829 511 1865 exturbemus,
535 1838 627 1869 quam
648 1827 760 1857 totiens
783 1826 1009 1866 probavimus?

240 1882 349 1913 nist·
372 1883 420 1913 v,
444 1889 477 1911 (3.
500 1880 574 1911 22.
617 1879 780 1919 „Namque
798 1878 984 1918 praetoriam
1002 1889 1114 1909 navem
1134 1878 1247 1908 vexillo
1269 1878 1433 1917 insignem,
1454 1876 1519 1905 illic
1541 1874 1651 1903 ducem

89 1923 166 1963 rati,
198 1922 366 1962 abripiunt.
414 1921 553 1951 Cerealis
576 1920 651 1950 alibi
673 1925 827 1950 noctem
850 1926 974 1961 egerat3
1010 1928 1044 1950 ut
1065 1920 1210 1960 plerique
1231 1919 1423 1957 credidere,
1448 1917 1489 1947 ob
1511 1923 1651 1955 stuprum

89 1964 238 1996 Claudiae
261 1965 418 2001 Sacratae,
443 1961 583 1992 mulieris
606 1961 733 1997 Ubiae.⁴‘

240 2018 403 2046 Noctem
419 2015 655 2045 subministrant
667 2013 812 2044 Vaticani
825 2012 1014 2052 interpolati.
1056 2012 1228 2041 Honestius
1241 2011 1293 2041 alii
1308 2011 1412 2048 navi,
1434 2006 1649 2053 honestissime

91 2059 161 2090 cod.
189 2067 297 2088 nave.
355 2057 509 2096 Corrigo:
544 2056 639 2093 „alibi
667 2055 812 2095 ignave
842 2055 978 2095 eger-affl
1041 2055 1083 2082 Ita
1113 2062 1222 2093 supra:
1257 2053 1317 2090 „Et
1344 2060 1459 2092 paucos
1487 2054 1558 2088 post
1583 2048 1649 2077 dies

88 2109 276 2141 quamquam
298 2098 475 2138 periculum
504 2097 690 2137 captivitatis
718 2096 881 2133 evasisset,
914 2094 1116 2124 infamiam
1141 2104 1203 2123 non
1229 2093 1370 2124 vitavit.“
1413 2090 1539 2137 adde,
1573 2099 1649 2136 quae

89 2141 200 2172 deinde
221 2140 335 2170 milites
357 2139 405 2169 vel
428 2139 569 2168 fatentur
590 2139 638 2169 vel
661 2137 866 2167 mentiuntur.
912 2138 954 2166 Et
975 2145 1068 2176 posse
1091 2135 1183 2166 etiam
1205 2135 1237 2165 in
1259 2135 1334 2165 forti
1354 2133 1453 2163 milite
1475 2141 1511 2161 ea
1532 2131 1648 2172 flagitia

86 2182 228 2224 ignaviae
249 2181 375 2212 nomine
396 2180 549 2221 insigniri,
572 2189 664 2209 nemo
688 2178 818 2209 dubitat.
