1794 2318
121 218 244 258 cupidi:
276 218 332 248 Als
355 218 407 248 die
428 218 529 248 Reihe
552 230 590 248 an
611 219 672 248 den
696 219 862 249 Helvidius
885 219 967 255 liam,
996 225 1069 260 trug
1093 229 1128 249 er
1150 219 1204 249 mit
1227 219 1392 250 Freimuth
1417 221 1604 263 (prompsit)
1628 223 1709 264 eine,

120 260 201 289 nach
232 260 334 290 sciner
356 260 521 301 Meinmg,
555 261 693 291 ehrende
714 262 802 291 Rede
830 272 909 299 τοϊς
943 262 996 291 {tir
1026 262 1118 290 einen
1146 268 1241 301 guten
1264 262 1415 295 Fiirsten!
1459 264 1614 295 Falsches
1636 265 1708 295 Lob

119 302 192 332 kam
214 301 300 331 nieht
323 302 412 332 darin
434 313 502 333 vor.
546 304 637 332 Dazu
659 302 722 332 hob
747 303 799 333 ihn
824 303 879 334 der
901 303 1017 333 Beisall
1042 303 1095 333 des
1119 303 1239 333 Senats.

274 367 384 398 nist.
420 368 494 399 IV.
533 376 567 398 e.
600 367 640 399 5.
702 367 888 404 „Helvidius
930 367 1058 396 Priscus
1105 367 1275 407 regione
1312 367 1450 398 italiae
1489 371 1706 400 carecinae

122 407 303 447 municipio,
328 409 439 438 Cluvio
463 415 561 449 patre,
592 409 643 450 qui
664 410 809 438 ordinem
840 409 992 449 primipili
1023 409 1171 440 duxisset.
1216 410 1373 450 Ingenium
1396 409 1517 440 illustre
1541 411 1705 442 altioribus

123 449 232 478 studiis
260 451 382 479 iuvenis
411 450 580 481 admodum
612 451 716 490 ‹lc-dit,
745 462 806 480 non
831 457 863 480 ut
886 451 1049 491 plerique,
1086 457 1125 480 ut
1148 451 1272 481 nomine
1293 450 1461 491 magnifico
1485 462 1582 492 segne
1605 453 1704 484 otium

124 490 258 526 velaret,
292 492 347 521 sed
371 503 434 533 quo
460 492 582 522 tirmior
605 492 755 522 adversus
779 492 908 523 tortuita
932 492 1163 533 rempublicam
1186 499 1373 532 capesseret.
1417 492 1576 524 Doctores
1599 495 1706 536 sapi-

125 533 231 562 entia
242 544 272 562 m
296 540 420 563 secutus
443 541 500 570 est,
524 534 576 575 qui
600 535 666 564 sola
691 535 771 564 bona
796 535 882 563 etc.⁴‘

274 595 435 636 Adscripsi
465 596 588 630 locum,
625 608 688 627 non
716 604 749 626 ut
776 597 990 637 corrigerem,
1016 614 1057 619 --
1079 608 1151 626 nam
1182 607 1218 627 ea
1247 598 1326 628 velle
1353 599 1533 639 corrigere,
1569 610 1651 640 quae
1673 600 1705 630 in

125 635 220 665 rebus
236 636 324 666 nobis
340 638 454 675 ignotis
468 638 618 675 nituntur,
640 638 996 668 temerariumarbitror
1016 657 1057 661 —
1080 639 1136 668 sed
1153 640 1275 680 utquid
1298 641 1367 670 lere
1390 640 1529 671 interisse
1551 641 1706 682 suspicer,

125 686 290 717 exponam.
333 680 380 708 Ex
409 679 609 709 coniunctivu
639 680 751 720 igitur,
786 681 984 716 duxisset,
1021 680 1075 721 qui
1099 690 1224 710 causam
1250 682 1406 717 continet,
1445 682 1513 712 iure
1537 683 1705 720 concludo,

125 725 236 749 tenues
266 720 361 750 fuisse
385 721 526 750 Helvidii
556 722 704 761 origines.
759 723 837 751 Nam
874 734 935 763 quo
965 723 1100 759 reseras,
1141 723 1198 751 nisi
1228 723 1301 755 hue:
1342 735 1413 753 nam
1441 731 1536 764 pater·
1559 724 1705 755 ordinem

127 760 279 791 duxerat?
309 764 404 791 Recte
421 763 517 802 igitur
537 764 712 803 suspicatus
730 774 798 793 esse
815 764 1086 804 vidctui'12ipsius‚
1110 764 1277 805 regione
1293 776 1360 795 esse
1378 766 1546 806 origine.
1592 766 1708 808 Qualis

127 812 163 831 ea
187 803 298 840 suerit,
339 804 479 833 italiae
516 806 641 834 nomine
672 806 771 835 latere
793 813 882 846 puto7
915 806 970 835 sed
994 806 1186 837 divinatione
1210 807 1326 836 certius
1350 817 1444 848 posse
1466 807 1588 837 deliniri
1611 818 1704 849 nego.

127 843 180 873 Sin
204 844 282 874 llaec
306 845 513 885 probabiliter
535 847 761 883 coniiciuntur,
795 857 994 889 consequens
1018 855 1079 885 est,
1108 854 1142 877 ut
1171 849 1355 889 „Ingenium
1384 849 1527 879 inusti-04²
1555 860 1570 878 a
1594 850 1709 889 priore.

128 886 267 916 oratione
296 888 386 927 plene
415 888 606 927 seiungatur.
652 890 729 918 Nam
759 901 809 919 res
839 890 933 929 plane
961 890 1018 919 alia
1047 885 1094 919 est
1123 896 1154 919 et
1185 901 1266 921 novo
1295 897 1426 920 accentu
1454 890 1569 920 incedit
1593 891 1704 922 oratio.

126 927 270 957 Alterum
293 936 334 958 ut
358 932 444 967 (77ut
467 930 668 967 nomine“]
692 931 784 961 codd.
809 942 917 961 omnes
935 942 996 961 non
1014 931 1141 961 liabent.
1187 933 1296 972 Neque
1319 932 1440 972 placet;
1463 938 1494 961 et
1517 933 1588 972 quia
1613 942 1706 973 repe-

129 968 218 997 titum
242 970 302 999 hoc
326 977 364 999 ut
389 971 489 999 minus
514 972 649 1001 suaviter
673 973 710 1001 ad
735 984 828 1002 aures
852 973 1006 1003 accedens
1030 984 1092 1003 non
1120 973 1356 1003 obtrudendum
1381 980 1450 1003 erat
1471 974 1634 1014 scriptori,
1672 981 1704 1004 et

129 1010 201 1050 quia
224 1012 353 1051 propius
377 1012 485 1042 abesse
509 1024 524 1041 a
549 1025 642 1043 manu
666 1015 767 1044 Taciti
791 1025 859 1045 esse
882 1015 1025 1054 videtur,
1057 1026 1139 1054 „non
1169 1022 1203 1044 ut
1226 1015 1382 1056 plerique,
1418 1019 1537 1056 quo;“
1565 1022 1601 1045 ut
1629 1026 1704 1058 que

129 1062 204 1092 quo
233 1052 381 1083 hauserit.
446 1055 645 1085 Doctores
675 1056 916 1096 sapientium
947 1068 1009 1086 non
1045 1056 1147 1086 audeo
1183 1065 1350 1096 speruere3
1392 1063 1462 1087 sunt
1497 1057 1644 1088 doctores
1687 1068 1705 1087 e

127 1094 318 1132 sapientibus
342 1106 393 1125 seu
417 1095 679 1136 philosophorum
700 1098 882 1138 disciplinis.
928 1098 1018 1128 Ordo
1042 1098 1136 1138 paulu
1160 1098 1378 1137 insuetiorest,
1399 1099 1471 1139 quia
1486 1099 1527 1128 ob
1541 1105 1707 1129 accentum

128 1134 321 1165 rhetoricum
345 1137 375 1166 in
400 1137 555 1177 principio
579 1139 728 1169 orationis
753 1140 912 1170 collocare
934 1139 1061 1170 volebat
1081 1140 1240 1170 doctores.

282 1199 389 1231 nist.
418 1200 492 1230 lv.
527 1209 561 1230 e.
592 1198 666 1232 10.
715 1201 832 1239 „Celer
860 1200 1020 1241 professus
1049 1201 1246 1241 sapientiam,
1286 1200 1360 1231 dein
1387 1201 1472 1231 testis
1499 1201 1529 1230 in
1559 1202 1705 1240 Baream,

128 1238 276 1279 proditor
299 1247 532 1282 corruptorque
556 1242 775 1276 amicitiae,
798 1242 887 1272 cuius
911 1253 944 1271 se
960 1243 1143 1283 magistrum
1159 1242 1288 1273 screbat.
1332 1243 1499 1274 Proximus
1515 1242 1580 1272 dies
1594 1252 1708 1273 causae

129 1280 352 1311 destinabatur.
408 1283 473 1312 Nec
503 1289 564 1312 tam
589 1284 750 1313 Musonius
773 1290 827 1312 ant
849 1283 999 1324 Publius,
1027 1295 1121 1325 quam
1144 1285 1272 1314 Priscus
1296 1290 1328 1314 et
1350 1285 1520 1314 Marcellus
1543 1284 1707 1326 ceterique

128 1322 218 1353 motis
243 1324 288 1352 ad
310 1324 503 1354 ultionem
527 1325 635 1354 animis
659 1325 956 1365 exspectabantu1=.“
1485 1334 1490 1337 ”

279 1386 426 1415 Iniuriam
452 1386 594 1416 fecerunt
624 1394 655 1416 ct
678 1387 788 1417 Tacito
819 1394 851 1416 et
873 1387 999 1427 Lipsio,
1033 1387 1087 1429 qui
1116 1387 1321 1416 amicitiae
1347 1386 1419 1417 loeo
1448 1386 1568 1416 amici
1594 1396 1708 1417 nomen

129 1433 324 1466 receperunt.
368 1428 490 1467 Lipsius
520 1429 598 1458 enim
629 1439 818 1470 quamquam
847 1429 996 1458 inventor
1024 1429 1150 1469 lepidae
1175 1428 1372 1459 coniecturae
1400 1434 1501 1458 tamen
1525 1428 1565 1457 de
1588 1428 1707 1458 inventi

131 1468 262 1498 veritate
290 1467 469 1498 diffidenter
497 1470 620 1499 locutus
650 1477 714 1508 est3
750 1471 938 1510 interpretes
967 1481 1059 1507 vero,
1093 1480 1164 1500 cum
1192 1470 1259 1499 sine
1281 1469 1385 1499 studio
1409 1470 1548 1499 iudicare
1570 1476 1708 1509 possent,

130 1509 324 1539 deteriorem
348 1520 459 1539 vocem
482 1511 608 1542 meliori
631 1511 849 1551 imprudenter
871 1512 1060 1550 praetulere.
1103 1512 1248 1551 Namque
1263 1511 1440 1547 amicitiam,
1463 1517 1498 1540 ut
1517 1521 1598 1551 quae
1623 1518 1709 1541 actu-

130 1561 200 1581 osae
222 1552 304 1581 vitae
326 1552 511 1591 sapientium
535 1559 684 1593 recteque
713 1553 924 1582 instituendae
954 1552 1148 1592 reipublicae
1176 1552 1347 1592 plurimum
1373 1552 1550 1593 prodesset,
1581 1552 1707 1583 Stoicos

129 1603 208 1633 prae
231 1592 344 1622 ceteris
368 1593 629 1633 philosophorum
653 1594 825 1634 disciplinis
849 1594 1028 1623 laudavisse
1050 1603 1143 1623 nemo
1166 1594 1300 1632 ignorat.
1354 1594 1425 1623 lure
1451 1594 1548 1634 igitur
1572 1594 1709 1623 amici·

130 1635 212 1663 tiae
238 1634 432 1674 magister
456 1636 550 1665 Celer
572 1643 714 1665 vocatur.
757 1635 984 1665 Deinde‘vero
1007 1635 1084 1664 nihil
1107 1636 1218 1665 Tacito
1241 1635 1340 1675 magis
1363 1645 1503 1674 exosum,
1526 1646 1619 1676 quam
1644 1634 1709 1666 ficti

130 1676 177 1705 illi
192 1676 346 1710 Catones;
370 1675 443 1704 nihil
468 1677 565 1717 igitur
588 1679 685 1718 magis
707 1678 737 1706 in
760 1683 921 1717 promptu,
944 1687 1037 1718 quam
1058 1677 1090 1706 in
1113 1677 1171 1707 isto
1195 1676 1327 1706 barbato
1343 1676 1373 1705 id
1387 1676 1486 1716 ipsum
1500 1676 1708 1717 egtprobraTe⁹

130 1718 216 1759 quod
240 1716 417 1756 amicitiam,
440 1730 533 1758 quam
557 1728 611 1749 ore
635 1726 664 1749 et
684 1719 794 1748 habitu
817 1729 893 1759 prae
916 1729 948 1748 se
969 1717 1104 1755 ferebat,
1128 1719 1189 1748 vita
1213 1719 1350 1757 turpiter
1362 1718 1556 1758 prodiderat.
1633 1728 1707 1747 uan-

128 1765 226 1799 toque
247 1760 331 1799 apud
355 1768 499 1789 severum
524 1761 604 1789 vitae
627 1761 761 1790 iudicem
784 1760 847 1790 hoc
870 1761 979 1795 maius,
1003 1771 1096 1801 quam
1118 1760 1204 1802 quod
1226 1759 1384 1800 ingerunt,
1403 1760 1586 1800 magistrum
1623 1759 1708 1790 uisse

129 1800 272 1830 Celerem
302 1801 440 1830 Bareae!
492 1802 552 1830 Hic
583 1802 666 1832 enim
693 1808 757 1833 tota
783 1812 817 1832 ea
849 1802 901 1831 lex
931 1802 1012 1832 vitae
1039 1812 1075 1831 ac
1102 1801 1262 1841 professio
1292 1801 1451 1841 proditur,
1488 1812 1581 1842 quam
1611 1801 1707 1831 etiam

130 1842 268 1882 Tacitus,
291 1843 347 1872 sed
369 1842 572 1881 moderatam,
595 1844 794 1885 sequebatur.
839 1843 971 1874 Accedit
992 1849 1092 1873 autem
1115 1843 1146 1872 id
1170 1843 1265 1882 longe
1287 1843 1467 1880 maximum,
1489 1842 1575 1883 quod
1598 1849 1706 1872 cetera

130 1883 232 1913 Taciti
260 1884 359 1913 verba
389 1894 459 1913 eam
487 1885 701 1915 coniecturam
731 1896 862 1925 prorsus
884 1892 1042 1925 respuunt.
1086 1886 1164 1914 Nam
1187 1884 1256 1914 isne
1279 1884 1372 1913 amici
1399 1890 1619 1923 corruptor
1647 1890 1710 1924 est,

130 1924 184 1965 qui
213 1926 348 1954 amicum
376 1926 577 1964 pessumdat?
620 1928 662 1956 Et
689 1927 764 1967 quid
791 1927 869 1956 illud
898 1934 957 1966 est,
985 1926 1151 1966 „proditor
1179 1925 1290 1965 amici⁷
1330 1925 1418 1955 cuius
1451 1936 1486 1955 se
1518 1926 1705 1965 magistrum

130 1966 326 1996 ferebat2⁴²
370 1968 496 2008 Ecquid
518 1968 576 1997 iste
598 1969 811 2009 gloriabatur,
841 1970 908 1998 eius
931 1979 964 1998 se
984 1969 1168 2008 magistrum
1192 1977 1265 2003 esse,
1289 1977 1382 2008 quem
1405 1966 1581 2007 proderet?
1614 1966 1668 1998 vel
1689 1977 1706 1996 a

129 2017 163 2037 se
186 2017 252 2038 esse
275 2009 519 2048 enm'magistro
542 2010 736 2045 instructum,
767 2021 859 2051 quem
881 2010 942 2039 iarn
965 2016 1090 2050 spretae
1112 2008 1281 2039 maiestatis
1297 2018 1393 2051 *reum
1416 2008 1600 2038 accusaret?
1631 2007 1706 2038 Noli

130 2049 273 2085 credere,
296 2051 439 2080 Tacitum
462 2057 523 2080 tam
545 2051 658 2081 insulse
679 2052 782 2092 loqui3
806 2053 831 2081 is
854 2051 993 2088 dixisset,
1016 2052 1105 2081 cuius
1127 2051 1278 2092 magister
1299 2049 1414 2080 fuerat.
1459 2049 1554 2096 Quod
1569 2050 1594 2079 si
1617 2049 1704 2089 ipsos

129 2090 230 2120 Taciti
254 2102 359 2122 sensus
381 2092 418 2122 de
441 2102 478 2123 eo
502 2093 650 2133 magistro
675 2103 868 2133 cognoscere
891 2093 990 2133 cupis,
1012 2095 1082 2123 Ann
1115 2093 1210 2129 XVI„
1233 2092 1282 2123 32.
1305 2100 1470 2132 compara:
1501 2092 1628 2132 „Cliens
1650 2090 1704 2120 hic

128 2131 240 2171 Sorani
264 2140 296 2163 et
316 2140 391 2164 tunc
414 2141 538 2175 emptus
561 2134 599 2165 ad
629 2135 871 2176 opprimendum
901 2135 1034 2165 amicum
1064 2134 1352 2166 auctoritatem
1383 2133 1546 2164 Stoicae
1576 2138 1703 2162 sectae
