1794 2318
732 109 1047 144 „21-

94 209 375 252 praeferebat,
407 209 518 241 habitu
543 216 574 240 ot
597 221 651 241 ore
673 211 712 241 ad
736 212 972 252 exprimendam
997 211 1161 252 imaginem
1183 213 1309 243 honesti
1331 213 1503 253 exercitus,
1532 220 1673 244 ceterum

91 253 196 282 animo
225 252 415 292 perfidiosus
447 258 478 282 et
508 252 677 289 subdolus,
710 254 871 283 avaritiam
906 264 942 283 ac
973 253 1132 284 libidinem
1162 256 1334 285 occultans.
1385 256 1474 300 Quae
1504 262 1671 297 postquam

88 294 222 335 pecunia
246 295 370 324 reclusa
395 300 484 334 sunt7
508 294 596 324 dedit
617 296 792 335 exemplum
810 296 1039 336 praecavendi,
1063 307 1126 336 quo
1150 297 1245 326 modo
1267 297 1432 326 fraudibus
1455 297 1597 326 involuto
1620 304 1671 327 aut

90 335 216 376 flagitiis
239 336 468 376 immaculatos,
495 336 540 366 sic
570 338 707 376 specie
735 337 929 367 bonarum
954 338 1099 367 artium
1122 337 1217 369 falsos
1242 345 1274 368 et
1296 339 1488 368 amicitiae
1510 338 1670 368 fallaces.“

242 399 346 428 Etiam
369 398 409 428 de
433 409 468 428 ea
493 399 683 435 coniectura,
705 399 735 428 in
759 398 821 428 fine
845 399 907 429 loci
929 399 1095 439 propositi,
1118 411 1210 441 quam
1234 411 1250 429 a
1266 400 1545 440 Lipsioinventam
1560 409 1668 429 omnes

89 446 300 480 receperunt,
331 439 380 469 ad
405 440 620 480 ultionem,
649 440 725 469 mihi
749 441 839 470 aliter
859 441 959 470 videri
980 442 1094 471 fateor.
1136 444 1244 471 Codex
1268 445 1349 472 enim
1379 447 1507 482 peccat,
1535 441 1667 470 adula-

89 481 288 521 tionibus,
320 488 458 522 quatuor
488 488 589 512 autem
620 483 770 512 extremis
798 483 895 512 literis
924 483 983 512 tria
1011 490 1128 522 puncta
1159 484 1336 524 subscripta
1366 490 1396 513 et
1418 483 1667 523 superscriptum

89 529 137 553 est
160 534 182 553 e.
211 523 470 554 adulationes
501 524 598 564 igitur
627 524 819 564 corrigebat.
869 525 950 554 Hinc
980 526 1025 553 ad
1054 525 1246 555 ultionem
1276 536 1339 554 non
1368 535 1462 565 posse
1486 525 1595 559 veniri,
1622 523 1666 553 sic

90 565 219 605 colligo.
286 567 354 594 Non
390 571 454 595 tam
491 565 643 595 curabant
674 566 850 595 Musonium
883 573 912 596 et
947 565 1111 602 Publium,
1151 578 1243 607 quam
1277 568 1421 596 Priscum
1458 573 1488 596 ct
1524 565 1665 604 Eprium.

90 606 222 637 Illorum
245 613 345 636 autem
376 618 468 636 causa
497 607 708 645 tractabatur,
743 607 775 636 hi
805 613 950 637 oratores
978 607 1168 637 videbantur
1197 609 1383 645 surrecturi,
1419 618 1496 647 ergo
1526 618 1597 637 non
1626 606 1664 634 ad

89 648 244 679 ultionem
269 655 356 678 erant
375 650 484 686 erecti,
503 659 596 689 quam
620 655 694 678 tunc
718 659 734 678 a
757 650 910 678 Marcello
933 650 1063 679 Priscus
1089 656 1237 689 repetere
1262 651 1377 679 nullam
1400 655 1531 689 poterat,
1559 647 1612 677 sed
1634 648 1664 676 in

90 688 205 720 horum
240 691 545 720 altercationes.
595 692 702 732 Atque
733 697 766 720 ut
795 691 941 721 ultionem
965 691 1071 720 Publii
1102 693 1195 721 etiam
1225 692 1264 720 ad
1292 692 1474 721 Marcellum
1503 690 1665 730 pertinere

87 732 230 771 potuisse
252 733 434 766 concedam,
456 739 557 762 tamen
579 742 647 761 eam
673 743 732 762 non
757 739 957 772 exspectasse
985 739 1090 772 patres
1120 739 1226 772 potest
1253 740 1438 762 monstrare.
1482 733 1558 760 Nam
1583 731 1665 759 Mar-

90 773 208 802 cellum
231 773 373 802 damnari
397 774 500 804 multis
523 773 722 804 senatoribus
744 784 796 803 res
819 774 905 804 aleae
924 774 1017 813 plena
1041 774 1214 804 videbatur.
1258 776 1367 816 Itaque
1382 775 1421 803 de
1437 773 1535 813 Eprio
1554 771 1662 811 cap.6.

88 814 244 854 legimus:
271 816 337 853 „Ea
362 816 439 845 ultio
463 821 606 846 senatum
628 816 659 844 in
682 815 785 845 studia
809 816 1008 853 diduxerat&
1039 825 1075 845 ac
1098 816 1192 855 paulo
1216 823 1304 856 post:
1340 816 1467 855 „Multis
1489 815 1664 853 deprecan-

87 855 174 897 tibus
201 857 306 887 omisit
334 857 492 887 Priscus.“
546 858 689 898 Eamque
722 858 896 887 sententiae
931 857 1146 887 diversitatem
1175 858 1266 887 etiam
1295 864 1370 887 tunc
1400 856 1568 887 obtinuisse
1596 855 1662 894 ipsa

88 898 191 928 Taciti
212 898 310 928 verba
334 899 554 929 demonstrant.
597 900 676 928 Nam
700 905 920 939 praecesserat
935 899 972 929 de
987 899 1056 939 ipso
1073 899 1204 928 Publio:
1227 900 1292 937 „Ea
1315 899 1493 939 eognitione
1515 896 1663 926 renovari

88 939 160 969 odia
185 940 418 970 accusationum
443 940 640 971 videbantur.
684 941 747 970 Sed
771 941 842 970 vilis
865 947 896 970 et
918 950 1037 970 nocens
1061 950 1132 969 reus
1154 942 1280 981 protegi
1296 952 1356 971 non
1372 940 1524 980 petel-at.“
1552 939 1662 977 Itaque

56 991 116 1019 χο.
145 983 195 1012 40.
226 992 298 1011 eum
329 983 470 1012 damnari
501 983 640 1023 legimus.
699 982 776 1022 (Ubi
805 982 871 1012 noli
900 992 971 1011 cum
994 982 1138 1012 Ernestio
1163 989 1194 1012 et
1222 984 1288 1012 aliis
1319 983 1494 1022 corrigere:
1525 981 1661 1016 „Iustum

87 1023 282 1052 indicium
309 1024 526 1064 expleverat;“
551 1024 746 1055 verissimum
768 1025 850 1053 enim
873 1024 1090 1060 iudicium.)
1134 1024 1197 1053 Sed
1222 1034 1291 1053 cum
1315 1024 1388 1054 inde
1406 1023 1443 1051 ad
1460 1022 1538 1051 alios
1554 1021 1661 1056 iretur,

87 1064 135 1094 ira
158 1075 316 1105 repressa.
360 1067 473 1106 Neque
496 1076 523 1097 c.
546 1066 605 1103 43„
630 1076 699 1095 cum
724 1065 864 1096 Montani
886 1066 1025 1105 exemplo
1049 1071 1175 1095 erectus
1203 1066 1232 1094 in
1261 1076 1350 1105 spem
1379 1063 1506 1093 ultionis
1535 1062 1660 1090 Priscus

87 1106 193 1136 denuo
217 1107 401 1136 Marcellum
425 1107 566 1147 corripit,
596 1113 773 1147 perpetrat:
810 1108 909 1145 „Cum
933 1108 1083 1147 glisceret
1107 1108 1275 1145 certamen,
1308 1107 1380 1135 hinc
1403 1105 1491 1134 multi
1515 1103 1662 1142 bonique,

85 1148 160 1178 inde
181 1149 274 1189 pauci
297 1155 326 1178 et
349 1149 444 1179 validi
468 1148 681 1188 pertinacibus
705 1149 784 1178 odiis
808 1148 989 1181 tenderent.
1028 1154 1233 1187 consumptus
1262 1159 1321 1188 per
1349 1146 1539 1176 discordiam
1563 1144 1661 1172 dies.“

85 1191 135 1221 Ac
157 1201 225 1230 cap.
248 1190 314 1221 4³2:
348 1192 480 1229 „Patres
504 1197 650 1230 coeptam
672 1190 866 1221 libertatem.
894 1190 1062 1230 [ultionem
1085 1191 1316 1228 accusatorum]
1338 1195 1505 1228 postquam
1535 1185 1659 1216 obviam

86 1231 182 1270 itum„
217 1233 382 1262 omise1·e.“
424 1233 534 1273 Neque
562 1233 656 1272 longa
685 1232 909 1273 conquirenda.
954 1233 1022 1271 Ipsa
1052 1231 1380 1271 p1·oxime·subsecuta
1404 1229 1497 1259 verba
1521 1228 1580 1257 alio
1604 1236 1660 1255 nos

86 1273 206 1303 ducunt
228 1284 321 1314 quam
345 1274 384 1303 ad
404 1275 564 1304 ultionem.
608 1274 717 1314 Pergit
741 1273 839 1303 enirn:
868 1274 958 1312 „Tali
982 1283 1087 1302 rerum
1110 1279 1205 1310 statu,
1241 1282 1312 1301 cum
1342 1270 1550 1300 discordia
1578 1268 1661 1302 inter

85 1321 192 1355 patres
223 1315 428 1356 [quamquam
463 1323 596 1355 partes
629 1316 773 1346 codicum
800 1315 869 1343 iure
897 1315 1060 1350 retinebis,
1098 1314 1248 1343 sententia
1276 1312 1402 1352 eadem]
1430 1330 1470 1334 —
1498 1310 1658 1339 Mucianus

86 1357 202 1387 urbem
244 1358 404 1396 ingressus
444 1359 521 1387 est.“
585 1357 655 1386 Non
696 1357 792 1397 igitur
829 1361 933 1396 potest
967 1355 1132 1395 scripsisse
1164 1355 1279 1393 videri,
1322 1360 1453 1384 cunctos
1484 1352 1579 1381 fuisse
1613 1349 1658 1378 ad

86 1398 288 1428 ultionem
322 1405 434 1429 motos.
499 1398 584 1442 Quid
613 1397 788 1438 scripserit,
827 1397 902 1426 mihi
934 1397 1057 1438 liquere
1087 1397 1228 1426 videtur:
1263 1397 1410 1435 „Priscus
1438 1400 1468 1423 et
1491 1392 1658 1439 Marcellus

86 1440 250 1481 ceterique
272 1441 363 1470 motis
398 1441 442 1470 ad
470 1441 728 1471 velitationes
765 1439 873 1468 animis
903 1438 1182 1478 expectabanturffl
1230 1438 1434 1469 Velitationes
1462 1444 1544 1464 nunc
1575 1433 1659 1469 dicit,
1702 1443 1704 1446 ’

85 1492 164 1522 quas
187 1493 282 1522 supra
302 1492 394 1511 acre
417 1483 585 1522 iurgium
608 1481 757 1512 vocabat:
781 1481 882 1519 „Hinc
896 1481 978 1509 inter
990 1480 1173 1509 Helvidium
1197 1486 1227 1509 et
1240 1480 1372 1519 Eprium
1397 1487 1470 1507 acre
1492 1475 1657 1515 iu1·gium.“

84 1523 149 1553 Eae
170 1523 267 1564 igitur
290 1525 520 1559 altercationes¹
553 1532 664 1553 suaves
686 1522 769 1551 haud
793 1521 894 1557 dubie,
928 1527 1038 1561 utpote
1059 1521 1293 1560 ingeniosorum
1316 1519 1487 1552 hominum,
1522 1516 1657 1546 delecta-

85 1572 196 1594 verant
223 1565 310 1594 illum
340 1565 425 1594 aliud
462 1571 607 1605 agentem
637 1571 787 1593 senatum.
838 1563 895 1592 Ad
926 1562 1007 1602 apud
1038 1563 1182 1591 Tacitum
1214 1562 1316 1591 verbis
1345 1559 1490 1591 movendi
1518 1558 1654 1587 additum

84 1611 148 1635 tam
178 1607 362 1646 praeteritas
392 1618 486 1648 quam
515 1607 640 1636 futuras
669 1612 809 1635 motuum
836 1613 957 1640 causas,
999 1604 1062 1633 sive
1082 1604 1255 1643 particulas
1280 1609 1312 1632 et
1334 1602 1436 1643 quod
1460 1607 1490 1630 et
1513 1606 1550 1629 ut
1572 1599 1607 1646 in·
1624 1608 1655 1628 se

84 1647 191 1679 habet.
240 1649 392 1678 Futuram
425 1659 550 1678 causam
584 1647 681 1677 habet
711 1646 810 1686 Lipsii
847 1646 1045 1681 coniectura,
1091 1645 1135 1674 ad
1166 1644 1353 1674 ultionem
1379 1654 1449 1679 seu,
1485 1647 1519 1670 ut
1548 1641 1655 1687 ulciss-

86 1695 250 1725 cerentur3
285 1701 365 1725 mea,
399 1691 609 1729 praeteritam,
634 1694 764 1728 propter
786 1687 1001 1724 velitationes3
1038 1697 1227 1726 quamquam
1251 1686 1341 1715 simul
1365 1685 1402 1714 ad
1426 1684 1531 1712 futura
1554 1691 1654 1727 lul-gia

84 1730 232 1761 refertur.
277 1731 427 1761 Similiter
449 1733 495 1765 11„
518 1732 546 1762 8.
569 1731 705 1760 dixerat:
726 1729 852 1767 „Multis
868 1728 906 1756 ad
929 1727 1086 1768 [propter]
1110 1728 1326 1757 celebritatem
1341 1725 1472 1756 nominis
1495 1722 1653 1763 [Neronis]

85 1773 236 1809 e1·ectis;“
270 1779 301 1802 et
321 1775 403 1803 Ann.
426 1774 521 1812 XIV„
542 1773 592 1804 57.
635 1772 788 1811 „Erectus
810 1770 926 1799 Gallias
950 1770 989 1799 ad
1018 1769 1178 1810 [propter]
1208 1779 1320 1799 nomen
1339 1766 1572 1803 dictatorium;“
1602 1773 1654 1793 seu

85 1814 171 1855 quod
193 1820 259 1845 erat
282 1825 397 1844 nomen
418 1821 478 1844 etc.

237 1877 348 1907 ssist.
370 1877 443 1908 lv.
478 1886 513 1907 e.
545 1876 617 1908 12.
661 1876 845 1917 „Simulque
867 1875 999 1905 insulam
1023 1875 1133 1905 iuxta
1155 1875 1244 1904 sitam
1268 1872 1494 1913 occupavewf‘
1536 1871 1580 1899 Ita
1593 1869 1652 1897 iam
1677 1885 1680 1887 Δ

86 1923 155 1947 ante
175 1926 227 1946 me
249 1918 438 1948 WValchium
461 1917 635 1950 coniecisse
658 1918 762 1947 video.
786 1918 854 1948 cod.
877 1917 1010 1946 iuuata
1032 1917 1084 1946 sit
1106 1927 1158 1945 an.
1203 1917 1246 1946 C.
1271 1914 1343 1946 14.
1371 1914 1473 1951 „Hinc
1497 1920 1654 1957 compo-

83 1958 150 1987 siti
180 1959 344 1989 seditionis
374 1963 551 1990 auctores.“
605 1959 675 1988 Non
702 1960 802 1989 minus
831 1965 932 1997 recte,
965 1969 1056 1999 quam
1081 1958 1165 1998 quod
1189 1958 1366 1995 corrigunt,
1399 1957 1650 1993 composltae.

85 2001 129 2032 C.
154 1999 227 2032 15.
271 2003 378 2042 „Ergo
401 2002 470 2041 ipso
493 2001 623 2030 rebellis
642 2000 777 2032 familiae
799 2000 928 2032 omine
954 2000 1098 2040 placuit.“
1146 1999 1199 2028 Sic
1226 1999 1316 2028 malov
1339 2008 1409 2026 cum
1439 1996 1519 2029 aliis,
1558 2002 1649 2040 quam

79 2051 154 2071 cum
184 2042 308 2082 Lipsio‚
340 2044 504 2072 nomine.
534 2042 604 2072 cod.
635 2042 803 2073 homine.
832 2042 974 2071 similiter
1002 2052 1028 2070 c.
1050 2040 1120 2071 242:
1156 2041 1348 2080 „Fortunam
1372 2038 1454 2067 malo
1483 2036 1649 2082 homine,

81 2087 101 2113 i.
122 2093 150 2112 e.
174 2084 294 2120 omine,
330 2086 553 2115 exsolverent.“
609 2083 730 2114 Omen
758 2093 841 2113 nunc
868 2090 926 2121 est,
961 2082 1048 2123 quod
1070 2088 1161 2122 pater
1188 2081 1394 2120 „Gaianarum
1416 2077 1649 2124 expeditionum

80 2124 251 2155 ludibrium
278 2126 405 2167 impune
432 2125 627 2166 spreve1·at.“
682 2126 724 2156 (J.
757 2125 830 2157 18.
872 2125 1050 2166 „Coniuges
1080 2133 1260 2164 parvosque
1286 2122 1405 2152 liberos
1435 2124 1605 2149 consustere
1632 2127 1648 2144 a
