1794 2318
54 197 247 236 particulam
271 196 390 226 nomini
414 195 531 236 adponi
553 195 653 225 vides.
698 195 801 240 Quam
825 207 861 226 ne
881 196 912 226 in
934 203 1043 228 nostro
1066 197 1191 238 quidem
1215 198 1287 227 loco
1311 197 1438 238 eripere
1461 209 1641 238 possumus.

32 240 119 268 'Eae
151 245 253 269 autem
287 249 336 268 me
367 247 477 267 causae
507 244 695 274 moverunt,
734 245 767 267 ut
799 238 840 267 ita
872 239 954 268 hunc
989 240 1096 269 locum
1127 239 1331 269 scribendum
1367 247 1528 280 putarem:
1558 248 1584 271 et
1613 243 1639 271 si

61 281 197 310 Vitellius
222 281 300 320 apud
324 290 439 309 severos
460 280 591 319 humilis,
621 281 661 309 ita
682 282 853 309 comitatem
876 287 936 310 etc.

205 341 238 369 In
264 350 330 379 cap.
352 340 401 370 53.
414 339 582 375 Caecinam
604 341 697 368 animi
719 340 912 369 immodicum
933 341 1007 369 cito
1030 350 1173 379 sermone,
1196 339 1215 369 i.
1229 350 1256 369 e.
1270 338 1386 378 citato,
1409 349 1501 370 erecto
1525 342 1640 371 incessu

53 381 210 423 insignem
232 381 327 411 fuisse
350 388 383 410 ut
410 381 535 411 codices
558 381 714 419 traduent,
738 391 799 411 non
822 383 905 418 scito,
929 388 962 411 ut
984 381 1204 421 suspicabatur
1219 382 1352 422 Lipsius,
1366 393 1447 412 anno
1463 383 1639 423 superiore,

54 433 128 464 pag.
152 423 213 464 13,
235 424 296 452 iam
319 423 437 452 monui.

737 497 767 525 H
779 495 839 525 ist.
862 496 893 535 I.,
914 494 964 526 55.

207 553 256 583 Ac
277 565 311 583 ne
331 556 521 585 reverentiam
542 556 655 594 imperii
677 565 782 584 exuere
805 554 961 594 (legiones
985 555 1158 594 superioris
1181 555 1386 595 Germaniae)
1409 557 1579 596 viderentur,
1601 567 1640 588 se-

55 603 142 625 nalus
164 597 322 635 populique
347 598 483 626 Romani
513 598 665 626 obliterata
693 598 755 625 iam
783 598 904 625 nomina
930 605 1114 627 sacramento
1140 599 1335 635 advocabant,
1366 599 1456 630 nullo,
1474 600 1640 637 legatorum

56 638 274 667 tribunorumve
298 649 353 677 pro
380 639 473 667 Galba
500 640 619 677 nitente,
648 639 838 677 quibusdam,
865 646 895 667 ut
919 639 947 667 in
971 640 1114 679 tuniultu,
1139 640 1297 669 notabilius
1324 641 1517 671 turbantibus.
1564 642 1639 672 Non

28 703 35 708 .
55 687 155 709 tamen
177 681 332 718 quisquam
355 681 383 708 in
405 681 529 709 modum
551 681 701 710 concionis
722 687 786 709 aut
809 687 989 716 suggestu
1012 680 1134 710 locutus.

206 737 313 769 Verba
344 744 450 767 notata
473 739 507 767 C.
530 738 631 768 Riner
655 748 671 766 a
693 738 862 767 Latinitate
889 737 1036 768 laborare
1059 745 1090 768 et
1112 738 1151 767 ab
1175 739 1275 769 aliena
1305 752 1417 780 manu,
1450 747 1486 770 ut
1507 750 1640 781 praece-

56 779 170 818 dentia,
192 780 220 808 in
243 780 365 808 modum
387 781 544 816 concionis,
574 779 645 809 inde
674 780 907 819 explicarentur
929 779 1034 809 addita
1057 780 1239 811 arbitratur.
1283 783 1316 811 In
1341 792 1404 823 quo
1428 792 1479 811 me
1502 793 1564 812 non
1587 782 1666 811 acl-¹

58 821 243 851 sentientem
266 821 370 850 habet.
415 823 492 850 Nam
517 821 568 850 cui
592 821 621 850 in
645 828 782 850 mentem
806 821 910 850 veniat
933 821 1011 850 haec
1034 821 1131 851 verba
1155 824 1323 863 explicare,
1355 826 1383 853 in
1403 825 1527 854 modum
1547 825 1639 854 conci-

57 862 145 893 onis?
172 863 213 891 Et
235 863 305 903 quis
324 863 355 891 id
378 863 514 902 explicet
539 863 699 900 suggestu?
721 863 906 902 praesertim
928 863 954 891 si
976 862 1007 891 id
1030 863 1175 892 Latinum
1206 876 1268 894 non
1297 865 1364 894 est?
1387 866 1559 895 Praeterea
1587 876 1640 895 ex-

57 905 186 945 plicatio
209 910 288 933 esset
312 904 400 933 falsa,
445 906 552 944 Neque
575 904 657 932 enim
680 910 849 945 utrumque
872 904 952 933 idem
975 910 1030 933 est.
1075 905 1153 934 Nam
1172 906 1276 945 potuit
1295 907 1404 947 aliquis
1424 907 1506 946 apud
1524 907 1639 937 multos

57 947 89 976 in
111 945 242 976 modum
267 946 428 975 concionis
450 946 550 986 loqui,
578 955 678 986 neque
702 951 806 975 tamen
830 945 1016 985 religionem
1040 952 1072 975 et
1095 948 1298 977 caerimonias
1321 955 1484 988 suggestus
1500 948 1639 978 laedere.

54 989 163 1029 Atque
184 986 264 1016 haec
286 998 413 1027 semper
436 988 540 1026 probe
563 987 809 1027 distinguuntur,
833 987 919 1016 velut
942 987 971 1015 in
997 997 1063 1028 cap.
1082 987 1142 1025 36„
1163 989 1193 1017 in
1219 990 1328 1019 castris
1354 996 1401 1019 est
1423 998 1521 1019 tantus
1541 991 1640 1029 ardor,

56 1037 102 1069 ut,
130 1040 189 1059 non
212 1032 338 1058 contenti
361 1031 512 1066 agmine
535 1037 561 1058 et
583 1030 769 1068 corporibus,
798 1030 828 1058 in
849 1037 1051 1066 suggestu,
1082 1031 1110 1058 in
1133 1041 1190 1069 quo
1209 1031 1301 1069 paulo
1325 1039 1390 1060 ante
1412 1042 1501 1066 aurea
1526 1032 1641 1060 Galbae

56 1079 156 1100 statua
175 1071 293 1111 fizerat,
323 1072 452 1099 medium
480 1072 553 1100 inter
581 1072 665 1108 signa
694 1070 842 1100 Othonem
871 1071 983 1099 vexillis
1012 1073 1230 1101 circumdarent.
1275 1073 1316 1102 Et
1339 1079 1371 1102 ut
1394 1080 1534 1110 suggestu
1560 1073 1640 1111 loqui

56 1123 120 1142 non
144 1112 276 1148 dicatur,
298 1118 400 1152 potest
424 1118 529 1141 tamen
553 1112 597 1141 sic
620 1112 682 1140 dici
705 1118 777 1151 post
801 1111 909 1148 verba,
938 1113 966 1140 in
990 1114 1114 1142 modum
1134 1115 1291 1150 concionis,
1320 1115 1351 1143 in
1374 1114 1488 1154 quibus
1511 1114 1640 1144 ablativi

56 1154 244 1195 insequentis
269 1154 357 1193 quasi
388 1154 538 1193 quaedam
567 1153 800 1183 commendatio
830 1154 917 1182 inest.
967 1154 1075 1183 Melior
1105 1161 1190 1184 certe
1220 1162 1302 1184 esset
1331 1161 1362 1184 et
1391 1156 1521 1186 mollior
1546 1155 1639 1193 ratio,

56 1195 317 1236 praepositionem
342 1195 507 1234 addidisse,
530 1205 622 1235 quain
644 1194 740 1224 verba
764 1205 825 1224 non
851 1195 930 1224 levia
955 1195 1067 1225 leviter
1090 1196 1287 1235 expunxisse.
1331 1197 1395 1226 Sed
1413 1208 1476 1227 non
1499 1203 1543 1227 est
1560 1196 1639 1226 obli-

57 1237 254 1277 viscendum,
278 1247 372 1276 quam
397 1237 457 1266 late
480 1237 595 1266 sensim
620 1236 701 1276 apud
715 1236 858 1265 'l'acitum
882 1236 957 1264 nudi
981 1236 1020 1265 hiv
1036 1236 1163 1266 ablativi
1185 1244 1293 1277 patere
1317 1238 1489 1278 coeperint.
1534 1237 1638 1269 Veluti

57 1279 161 1308 libere
183 1288 242 1319 ego
262 1289 312 1307 nn:
342 1278 394 1307 diu
417 1278 621 1307 haesitavisse
644 1278 749 1306 fateor
771 1278 849 1307 Hist.
868 1278 981 1312 1.,13.:
1006 1279 1054 1307 Hi
1076 1279 1213 1318 (Vinius,
1234 1280 1330 1315 Laco,
1354 1280 1467 1318 Icelus)
1491 1281 1638 1309 discordes

58 1328 85 1350 et
107 1320 210 1350 rebus
238 1321 445 1349 minoribus
472 1320 526 1349 sibi
560 1321 678 1358 quisque
708 1320 853 1348 tendentes
881 1320 957 1348 circa
986 1321 1142 1349 consilium
1170 1321 1292 1357 eligendi
1313 1323 1487 1350 successoris
1516 1323 1544 1350 in
1565 1323 1638 1350 duas

49 1361 200 1432 {pedones
223 1362 432 1390 scindebantur.
476 1363 554 1390 Nam
579 1371 614 1390 ne
636 1361 666 1389 in
687 1367 825 1390 mentem
849 1360 976 1401 quidem
1000 1367 1139 1399 venerat,
1161 1361 1257 1391 fuisse
1279 1372 1334 1391 eos
1358 1362 1519 1392 discordes
1543 1364 1571 1392 in
1594 1372 1638 1392 re—

83 1413 118 1432 us
140 1402 325 1432 minoribus.
362 1401 459 1446 Quod
481 1414 542 1432 non
567 1401 725 1437 ridebunt,
750 1402 802 1442 qui
824 1408 912 1431 reete
933 1402 1063 1432 Latinae
1086 1403 1212 1443 linguae
1235 1414 1325 1432 usum
1349 1404 1526 1434 didicerint.
1557 1404 1638 1432 Nam

58 1445 193 1475 Romani
216 1454 270 1474 eos
293 1443 458 1483 abta-nvos,
480 1455 557 1485 quos
580 1454 639 1484 per
660 1443 845 1483 particulam
870 1454 936 1472 cum
959 1444 1127 1483 explanare
1149 1445 1296 1484 solemus,
1317 1451 1383 1474 tum
1399 1452 1519 1475 tantum
1534 1445 1637 1475 nudos

60 1486 235 1524 collocant,
265 1486 392 1526 quando
415 1486 538 1525 singula
561 1485 643 1514 sacta
668 1485 865 1523 describunt,
893 1495 959 1514 cum
981 1496 1026 1514 res
1048 1487 1176 1515 minores
1199 1495 1337 1527 essent,
1371 1488 1414 1516 cla
1437 1498 1465 1516 es
1485 1489 1637 1525 geringere

61 1526 162 1565 Dinge
179 1528 260 1565 galt,·
283 1533 393 1556 contra
415 1527 679 1566 praepositionem
704 1528 731 1555 in
754 1526 882 1565 addunt,
905 1526 1031 1566 quando
1054 1527 1210 1567 quandam
1233 1527 1333 1568 legem
1357 1535 1388 1558 et
1401 1529 1544 1568 regulam
1563 1539 1637 1568 pro-

59 1574 192 1609 ponunt,
215 1579 274 1609 qua
298 1579 330 1598 ea
354 1568 436 1598 facta
460 1575 606 1608 tanquam
627 1567 793 1597 inorbein
816 1568 975 1608 quendam
1005 1569 1248 1605 concluduntur,
1278 1571 1393 1608 quando
1417 1581 1461 1599 res
1483 1578 1563 1599 erant
1584 1572 1636 1599 mi-

59 1620 157 1646 nores,
176 1620 267 1638 wann
291 1621 334 1649 es,
359 1617 417 1639 etc.
475 1611 582 1650 Itaque
606 1609 659 1638 diu
681 1608 830 1649 putabam
854 1609 1018 1649 legendnm
1041 1620 1120 1650 esse,
1142 1617 1167 1639 et
1188 1611 1271 1639 rebus
1295 1613 1424 1640 minores
1441 1612 1496 1641 sihi
1516 1613 1636 1651 quisque

61 1653 221 1690 tendentes,
248 1651 267 1680 i.
286 1662 312 1680 e.
341 1662 445 1681 rerum
473 1651 680 1692 magnitudini
709 1651 842 1690 impares
877 1661 930 1679 sua
958 1651 1093 1691 quisque
1123 1652 1289 1681 commoda
1317 1659 1472 1682 curantes.
1523 1654 1635 1694 Neque

59 1693 179 1732 lenior,
210 1699 242 1722 ut
272 1693 404 1722 alterum
433 1693 611 1732 exemplum
641 1691 786 1727 afferam,
817 1692 917 1722 oratio
945 1698 1005 1727 est,
1038 1692 1238 1730 Hist.1.,2.:
1271 1694 1409 1723 Haustae
1436 1702 1488 1723 aut
1515 1696 1635 1724 obrutae

61 1735 146 1764 urbes
159 1735 375 1774 fecundissima
400 1735 579 1773 Campaniae
601 1745 664 1763 ora.
710 1733 813 1776 Quem
837 1734 888 1762 alii
912 1733 1012 1771 multi,
1034 1734 1063 1762 in
1088 1734 1201 1774 quibus
1224 1734 1356 1765 honoris
1380 1745 1474 1765 causa
1493 1736 1634 1776 Lipsium

61 1775 201 1813 nomino,
224 1775 393 1805 ablativum
417 1781 539 1815 putant,
562 1785 622 1816 ego
644 1774 826 1804 haustarum
850 1774 973 1804 urbium
993 1775 1224 1815 appositionem
1246 1786 1316 1805 esse
1339 1776 1455 1814 iudico,
1478 1777 1516 1806 ad
1541 1787 1635 1819 quam

61 1817 168 1847 hausta
189 1823 292 1847 mente
315 1817 469 1846 addimus.

213 1874 274 1904 Sed
298 1875 382 1904 aliud
408 1875 438 1904 in
462 1875 535 1905 loco
563 1873 766 1914 praescripto
793 1873 1011 1904 vehementius
1034 1885 1084 1904 me
1108 1883 1297 1906 commovet.
1340 1879 1419 1907 Nam
1441 1878 1529 1917 illud,
1551 1886 1582 1908 ut
1604 1880 1634 1908 in

62 1915 203 1952 tumultu,
225 1926 287 1956 quo
310 1916 432 1946 tandem
456 1916 617 1956 pertinet?
652 1916 852 1958 Quibusdam,
875 1924 906 1945 ut
917 1915 959 1955 fit
980 1917 1009 1945 in
1031 1918 1169 1956 tumultu,
1199 1919 1398 1952 turbantibus!
1430 1919 1514 1963 Quid
1536 1920 1634 1960 igitur

62 1957 178 1987 faciant
199 1957 229 1985 in
253 1958 397 1995 tumultu,
424 1957 482 1986 nisi
502 1957 698 1988 turbabunt?
729 1956 861 1996 Deinde,
889 1956 1024 1987 hoccine
1046 1958 1077 1987 in
1100 1959 1235 1989 tumultu
1257 1959 1327 1990 fieri
1350 1964 1500 2000 consolet,
1522 1967 1557 1990 ut
1578 1961 1634 1991 tri-

62 1998 138 2028 buni
161 2003 193 2026 et
212 1997 308 2038 legati
330 1999 499 2028 notabilius
522 1998 676 2028 turbent?
707 1999 820 2039 Neque
842 1997 993 2037 reticebo,
1017 2000 1176 2040 quomodo
1193 2000 1272 2030 haee
1283 2002 1408 2032 defendi
1421 2004 1526 2044 aliquo
1537 2002 1633 2034 modo

61 2039 192 2080 possint.
233 2039 315 2068 Nam
336 2040 550 2080 descripserat
574 2041 679 2081 capite
701 2040 867 2080 superiore
888 2040 931 2069 ita
956 2051 1055 2081 parva
1079 2041 1144 2071 eius
1167 2042 1327 2073 seditionis
1349 2044 1448 2074 initia:
1477 2045 1518 2074 In
1537 2054 1635 2074 sacra-

61 2089 160 2112 mento
182 2083 267 2111 ceteri
287 2081 401 2111 silentio
416 2083 553 2121 proximi
573 2084 711 2122 cuiusque
731 2083 887 2112 audaciam
908 2090 1099 2121 expectantes,
1128 2085 1214 2113 insita
1236 2086 1409 2115 mortalibus
1429 2093 1544 2124 natura,
1565 2096 1635 2126 pro-

57 2132 126 2167 pere
146 2123 228 2163 sequi
247 2133 322 2163 quae
335 2124 419 2163 piget
441 2125 585 2154 incohare.
629 2124 720 2154 Nunc
741 2123 845 2164 igitur,
874 2129 909 2154 ut
929 2123 965 2153 fit
987 2124 1017 2154 in
1039 2125 1186 2165 tumultu,
1214 2132 1360 2157 auctores
1382 2127 1548 2158 seditionis
1569 2136 1633 2157 non

1589 2191 1597 2205 ,Χ
