1794 2318
728 125 776 130 -.
858 101 885 136 5
962 125 1015 131 -

79 201 156 232 Ubi
184 202 343 242 pulsum
367 202 574 236 Caecinam
595 212 775 244 pergere
799 204 1031 235 Cremonam
1054 206 1226 246 accepit,
1256 217 1351 248 aegre
1371 209 1542 241 coercitam
1567 213 1662 243 lenio-

79 254 154 274 nem
173 262 214 267 —
236 244 383 275 Bedriaci
407 244 515 275 sistit.“
1597 237 1615 254 ο

233 296 364 336 Mirum,
393 297 418 326 si
442 297 518 338 quid
542 297 676 326 Caecina
699 304 843 338 pararet,
873 304 939 328 tum
969 299 1093 328 demum
1117 300 1227 330 Gallus
1257 301 1396 341 accepit,
1431 303 1516 343 quod
1544 304 1662 335 dudum

80 338 179 369 literis
207 344 276 369 erat
306 338 448 385 edoctus.
509 338 660 378 Cori-igo:
693 339 772 379 „Ubi
800 339 922 379 pulsum
951 341 1117 370 Caecinam
1148 352 1284 382 pergere
1315 344 1500 373 Cremonam
1530 347 1661 386 accepit,

81 390 199 421 aegre
229 386 408 410 coerclta
437 380 561 420 legio3
595 387 626 409 et
654 381 812 421 pugnandi
840 381 955 410 ardore
984 393 1082 423 usque
1105 384 1142 412 ad
1166 384 1352 414 seditionem
1377 396 1577 425 progressam
1600 390 1662 418 Be-

79 421 182 451 driaci
204 421 314 451 sistit.“
356 422 456 461 Legio
480 422 574 460 enim,
597 433 658 452 non
682 422 792 452 Gallus
815 423 957 453 nuntium
980 425 1112 464 accepit.
1158 425 1272 455 Oratio
1290 436 1346 465 per
1369 432 1404 456 et
1422 427 1542 458 inversa
1564 429 1660 459 libra-

79 463 163 493 rium
184 464 216 492 in
239 463 474 492 correctionem
497 464 682 502 pellexerat.

229 515 343 547 lbid.
377 514 539 554 „Turbata
569 515 614 544 ibi
638 516 884 547 Vitellianorum
913 516 1038 557 auxilia,
1073 524 1105 547 et
1126 518 1240 547 ceteris
1264 519 1448 549 Cremonam
1471 519 1658 562 fugientibus

80 556 163 586 caesi
185 556 237 598 qui
260 556 519 586 resisterent.

230 608 336 648 Vulgo
365 608 624 647 restiterant3
661 610 731 639 cod.
759 610 1018 646 resistet-ann
1054 610 1109 639 sed
1140 621 1209 640 cum
1240 611 1286 641 ed.
1316 612 1392 651 Spir
1416 614 1659 645 resisterent

77 649 241 689 praebeat,
264 649 461 679 verisimilius
486 657 543 688 est,
576 650 625 680 hic
649 657 682 680 ut
706 651 772 681 aliis
795 651 872 681 locis
896 652 1012 687 multis,
1037 662 1053 680 a
1076 662 1140 681 esse
1163 663 1178 681 a
1201 652 1331 683 librario
1354 654 1516 684 confusam
1538 665 1608 686 cum
1630 666 1657 686 e.

76 691 229 721 Similiter
251 692 312 729 IlI.,
334 692 384 721 29.
408 691 563 721 scribam:
585 692 791 730 „deun—hatis,
813 694 864 734 qui
887 693 1163 723 resisterent.⁴<

228 743 339 775 Ibid.
383 743 566 781 „Certatim
589 750 623 772 ut
644 744 903 784 quisqueranimo
926 744 1066 784 ignavus,
1097 755 1213 784 procax
1238 756 1294 775 ore
1317 748 1454 777 Annium
1477 748 1603 778 Gallum
1626 756 1658 779 et

77 783 263 814 Suetonium
286 784 457 813 Paulinum
486 790 515 814 et
537 786 670 814 Marium
694 786 832 822 Celsum,
868 797 947 815 nam⁴
967 795 1021 816 eos
1049 797 1175 827 quoque
1205 786 1290 817 Otho
1313 789 1530 828 praefecerat,
1561 791 1656 820 variis

77 825 261 856 criminibus
284 826 321 855 in
332 836 348 855 c
358 836 372 855 e
381 836 394 854 s
403 836 416 854 s
426 836 442 854 e
451 837 467 854 r
475 837 491 855 a
502 838 518 854 n
527 828 569 856 t.“

227 878 490 907 Incesserant
522 887 559 906 ex
591 878 660 908 cod.
688 878 897 908 retinendum.
960 879 1054 922 Quod
1083 880 1166 909 enim
1197 885 1260 909 tum
1288 881 1318 909 in
1348 882 1456 911 Macro
1487 882 1654 921 faciebant,

75 917 194 948 dudum
224 918 365 949 fecerant
392 920 422 948 in
454 919 515 948 illis
544 919 655 949 tribus.
707 921 784 949 Nam
816 920 942 949 omnino
970 931 1076 950 mores
1107 921 1362 952 Othonianorum
1387 923 1541 959 describi,
1575 936 1653 966 quos

75 960 180 990 caedis
204 960 377 991 Galbianae
394 961 507 990 Furiae
530 961 733 1001 exagitabant,
758 973 826 1003 sqq.
840 962 911 992 satis
935 963 1089 1001 aperiunt.
1133 963 1222 991 Unde
1245 965 1332 993 simul
1358 971 1453 1004 patet,
1475 966 1550 1006 quid
1571 973 1655 998 erret

73 1002 188 1040 Ritter,
215 1003 269 1043 qui
291 1002 389 1033 verba
407 1013 498 1041 „nam
520 1020 561 1025 —-
584 1002 802 1043 praefecerat*
825 1014 887 1033 non
910 1010 995 1033 recte
1018 1004 1243 1044 interpretatus
1267 1006 1354 1034 uncis
1378 1006 1512 1036 inclusit.

223 1065 333 1095 nist.
351 1067 411 1096 11.
435 1073 469 1094 e.
494 1064 569 1096 25.
613 1065 710 1103 „Nam
733 1075 749 1093 a
772 1064 922 1094 lateribus
947 1064 1102 1103 cohortes,
1125 1066 1324 1106 legionum
1348 1067 1479 1096 adversa
1501 1068 1599 1108 frons,
1620 1074 1653 1098 et

72 1104 176 1136 subito
199 1105 337 1135 decursu
359 1113 444 1146 terga
467 1106 628 1135 cinxerant
650 1106 818 1146 equites.“·

224 1159 363 1199 Corrigit
385 1158 488 1187 Ritter
510 1157 695 1197 legionis.
738 1157 816 1186 Nam
840 1157 973 1196 primam
996 1164 1115 1187 tantum
1139 1157 1295 1197 legionem
1318 1159 1441 1198 praelio
1464 1160 1652 1199 interfuisse,

72 1199 251 1230 vexillarios
282 1207 384 1229 autem
418 1199 577 1239 legionum
614 1199 738 1228 nomine
775 1198 1003 1238 comprehendi
1037 1199 1219 1228 brevitatem
1254 1210 1319 1229 esse
1354 1201 1510 1238 vitiosam3
1550 1212 1652 1243 neque

70 1241 238 1271 vexillares
261 1242 356 1271 inisse
378 1241 408 1270 in
428 1240 551 1279 fronte,
578 1240 630 1270 sed
653 1241 682 1269 in
707 1246 797 1279 parte
820 1240 953 1271 sinistra.
1007 1240 1133 1284 Quibus
1157 1241 1349 1280 argumentis
1378 1252 1455 1272 cave
1485 1253 1521 1273 ne
1549 1244 1649 1274 cedas.

69 1283 148 1312 Nam
171 1283 305 1322 primam
329 1293 422 1311 unam
446 1282 603 1320 legionem
628 1282 750 1321 adesse,
784 1288 830 1310 est
859 1281 937 1310 illud
968 1282 1094 1322 quidem
1124 1291 1249 1318 veru1n3
1287 1283 1341 1311 sed
1373 1285 1485 1313 vitiose
1515 1295 1585 1313 cum
1613 1296 1650 1315 ea

70 1324 230 1363 legionum
249 1324 375 1354 nomine
397 1324 578 1354 vexillarios
600 1330 630 1352 et
653 1322 871 1362 praetorianos
891 1324 1038 1362 coniungi
1057 1334 1117 1352 non
1133 1323 1379 1353 concedendum.
1414 1326 1491 1354 Nam
1509 1337 1603 1366 quum
1617 1328 1649 1356 in

70 1366 135 1395 acie
150 1375 311 1395 armorum
334 1375 451 1406 genera
475 1365 604 1394 maxime
626 1366 761 1398 valeant,
784 1364 915 1394 debebat
937 1365 1084 1404 profecto
1101 1383 1139 1387 —
1154 1365 1209 1393 nisi
1234 1365 1359 1394 volebat
1384 1376 1492 1397 omnes
1515 1368 1648 1397 militum

69 1406 197 1436 ordines
218 1407 330 1436 iterum
354 1410 558 1442 enumerare,
600 1406 683 1446 quod
706 1407 736 1434 in
760 1405 839 1434 hanc
863 1405 1045 1436 brevitatem
1070 1413 1100 1435 et
1123 1406 1253 1435 actionis
1278 1407 1426 1436 ardorem
1451 1419 1647 1449 nequaquam

69 1448 155 1478 cadit
177 1465 214 1470 —
239 1448 422 1478 vexillarios
443 1448 562 1477 addere
585 1448 712 1487 legioni,
742 1447 793 1476 cui
817 1449 908 1476 armis
933 1454 1022 1476 erant
1044 1447 1203 1484 simillimi,
1230 1458 1291 1477 non
1316 1449 1498 1479 cohortibus
1523 1450 1648 1479 auxilia-

67 1489 167 1529 rium,
201 1500 217 1518 a
246 1489 359 1530 quibus
390 1490 513 1529 longius
543 1489 709 1518 distabant.
761 1490 831 1517 Hoc
860 1488 964 1529 itaque
991 1489 1057 1518 iure
1091 1499 1147 1518 suo
1183 1489 1344 1518 factitavit.
1398 1492 1474 1519 Nam
1510 1501 1580 1520 cum
1615 1492 1644 1521 in

69 1530 254 1561 cohortibus
284 1542 346 1561 non
376 1531 507 1566 lateant,
544 1531 569 1560 si
599 1530 772 1570 legionis
802 1530 939 1565 scribes,
975 1530 1146 1559 vexillariis
1170 1530 1263 1569 plane
1286 1531 1407 1561 omissis
1431 1533 1478 1561 vel
1506 1533 1644 1563 vitiosius

68 1572 195 1609 feceris,
230 1583 322 1613 quam
353 1574 378 1602 si
408 1572 561 1601 addideris
593 1582 664 1600 cum
688 1572 797 1601 Tacito
830 1573 1031 1612 legionum
1060 1571 1196 1602 nomine.
1248 1572 1340 1617 Quod
1366 1584 1441 1602 vero
1467 1574 1495 1602 in
1521 1574 1645 1603 sinistra

66 1621 155 1654 parte
176 1615 359 1644 vexillarios
383 1614 481 1643 fuisse
504 1614 608 1643 Ritter
631 1614 681 1651 ait,
704 1620 795 1652 errat,
823 1613 849 1643 si
870 1620 993 1654 partem
1014 1624 1073 1653 pro
1098 1622 1199 1642 cornu
1219 1615 1309 1653 ponit
1331 1620 1362 1643 et
1385 1616 1517 1655 opponit
1538 1616 1643 1645 fronti.

67 1656 147 1686 Nam
169 1655 211 1686 ita
232 1662 322 1685 erant
343 1655 503 1686 instructi:

1272 1705 1286 1712 x

754 1733 795 1761 Μ.
825 1733 951 1773 equites.

65 1796 105 1825 D.
129 1796 255 1837 equites.
277 1797 330 1829 lV.
354 1796 424 1826 coh.
448 1797 542 1828 auxil.
568 1796 648 1828 Vex.
671 1796 722 1825 111.
745 1795 806 1836 leg.
830 1796 878 1825 111.
902 1795 972 1826 coh.
994 1802 1093 1835 praet.
1115 1797 1137 1825 Ι.
1157 1796 1219 1836 leg.
1243 1797 1278 1825 ΙΙ.
1294 1797 1362 1826 coh.
1376 1796 1468 1826 auxil.
1490 1796 1528 1824 D.
1545 1795 1640 1836 equit.

729 1848 743 1887 (
745 1869 874 1876 .....
908 1847 939 1876 in
963 1857 1078 1887 aggere
1121 1847 1247 1885 dextra)

724 1890 737 1928 (
741 1910 868 1918 .....
964 1889 1030 1918 viae
1132 1889 1246 1926 frons.)

214 1940 298 1970 Hinc
325 1948 457 1982 apparet
485 1941 640 1979 Tacitum,
671 1940 744 1969 dum
775 1941 870 1970 aciem
915 1940 1076 1976 describit,
1109 1941 1206 1981 magis
1232 1942 1377 1971 locorum
1412 1947 1553 1969 naturam
1589 1950 1638 1970 re-

64 1982 215 2022 spexisse,
234 1993 328 2024 quam
343 1984 440 2012 aciem
457 1994 515 2023 per
529 1989 634 2023 partes
650 1982 850 2021 disposuisse.
880 1982 958 2011 Narn
983 1982 1094 2011 acies
1120 1982 1231 2012 deinde
1246 1994 1260 2011 a
1279 1982 1414 2010 Paulino
1440 1982 1636 2020 panditur.

61 2024 138 2053 Inde
162 2030 225 2059 est,
253 2024 337 2065 quod
362 2035 507 2064 aggerem
532 2026 600 2054 viae
623 2024 757 2052 mediam
783 2024 881 2053 aciem
906 2023 1061 2059 nominat,
1089 2035 1180 2064 quam
1205 2030 1270 2053 tres
1292 2023 1468 2064 praetoriae
1490 2022 1637 2053 cohortes

60 2071 177 2095 tenent.
220 2066 299 2094 Nam
323 2066 376 2106 qui
399 2066 438 2095 ab
462 2073 596 2106 utroque
620 2066 719 2095 latere
742 2065 852 2094 harum
879 2064 1055 2096 cohortium
1079 2065 1294 2105 collocantur,
1333 2075 1395 2093 non
1418 2063 1508 2093 huius
1532 2065 1637 2103 pauci-

57 2107 137 2146 tatis,
165 2116 247 2148 quae
266 2106 406 2137 frontem
432 2108 559 2148 efficiat,
589 2118 708 2139 cornua
737 2117 802 2138 esse
824 2113 935 2148 sponte
958 2107 1094 2137 incurrit
1115 2107 1147 2136 in
1170 2107 1287 2138 oculos.
1330 2106 1437 2147 Itaque
1459 2105 1526 2145 ipse
1549 2105 1635 2142 dicit,
