1794 2318
687 84 1018 120 .-9—

230 186 303 216 Non
331 192 453 216 temere
481 186 608 227 antiqua
637 185 717 216 haec
747 187 894 218 codicum
925 188 1037 220 divisio
1060 190 1210 221 orationis
1231 191 1402 222 reficienda
1423 193 1500 224 mihi
1522 195 1656 227 videtur.

76 230 157 260 Nam
184 227 325 258 Piehena
355 228 403 258 vel
433 228 542 268 Lipsio
580 234 710 257 auctore
741 229 935 270 distinguunt
960 230 1066 270 hodie,
1107 234 1143 262 B.
1172 243 1189 262 e
1216 235 1444 273 praesentibus.
1499 237 1656 277 Angebat.

76 270 141 300 Sed
164 281 237 300 num
261 280 276 300 e
299 269 516 310 praesentibus
539 270 676 299 Bolanus
701 270 803 305 suerit,
828 282 933 312 neque
956 273 1079 313 scimus,
1109 284 1213 315 neque
1230 275 1256 304 si
1278 278 1440 317 sciremus,
1462 288 1656 318 ma‘rnopere

77 312 226 343 docuisse
248 311 418 341 referebat.
463 311 496 340 ld
521 322 598 341 vero
621 313 750 348 scimus,
784 313 899 343 Vitellii
921 314 1077 354 ignaviam
1102 316 1157 344 nisi
1182 328 1262 357 quae
1285 325 1453 357 praesente
1471 301 1655 351 negessitate

78 360 241 394 urgerent,
270 363 363 383 curas
386 352 530 393 publicas
554 353 736 383 tramisisse.
781 354 869 384 Unde
892 365 918 384 c.
942 355 990 386 97.
1020 356 1163 395 „abunde
1185 364 1280 394 ratus,
1309 360 1433 396 dicitur,
1463 361 1488 390 si
1510 372 1655 401 praeseu-

77 395 162 426 tibus
192 395 368 433 frueretur,
403 405 464 424 nec
495 395 526 424 in
556 395 680 435 longius
712 396 920 426 consultans.“
968 397 1002 426 Id
1030 398 1124 439 igitur
1152 406 1224 439 post
1253 400 1364 431 leviter
1391 403 1580 441 compositas
1604 414 1653 434 res

75 437 289 477 provinciales
321 436 498 466 meminisse
537 447 593 466 nos
627 437 772 477 cupiens,
808 448 826 467 e
860 438 1081 478 praesentibus
1116 442 1238 470 anxium
1281 452 1351 471 eum
1388 442 1535 474 habuisse
1578 445 1654 475 dicit

44 487 47 489 “
76 477 249 508 infractum
271 478 434 517 legionum
458 478 605 508 animum·

228 531 338 562 nist.
361 532 420 562 ΙΙ.
445 539 479 560 e.
501 529 574 561 68.
616 530 731 570 „Apud
753 531 891 561 victores
914 538 983 561 orta
1005 532 1134 574 seditio,
1169 533 1292 564 ludicro
1315 534 1418 574 initio,
1449 536 1482 565 ni
1504 547 1652 568 numerus

77 581 238 602 caesorum
262 572 414 602 invidiam
437 571 519 602 bello
544 571 706 601 εκωςὶεεεεῑῆς

228 624 326 655 Varie
356 624 441 653 hunc
468 625 574 653 locum
604 630 742 664 tentant,
775 636 869 666 quum
900 627 1004 656 omnia
1031 636 1106 655 sana
1130 636 1166 656 ac
1194 633 1277 656 sarta
1307 627 1377 656 sint.
1441 629 1523 658 Ante
1549 631 1652 660 omnia

75 665 264 705 tenendum,
294 665 380 704 quod
409 666 469 693 iam
498 675 547 693 an.
578 666 661 695 1832
689 667 865 704 expositum
901 667 1054 705 exemplis
1091 667 1289 706 confirmavi,
1332 678 1427 708 saepe
1461 679 1531 699 cum
1568 672 1651 711 apud

75 705 218 735 Graecos
246 712 312 734 tum
343 705 425 743 apud
461 705 589 734 Latinos
622 707 697 734 duas
733 712 903 736 structuras
939 707 1065 736 misceri
1098 707 1182 736 inter
1217 719 1250 738 se
1284 709 1409 739 similes.
1465 712 1543 741 Nam
1580 723 1652 742 cum

76 753 238 787 exspectes
265 746 437 776 orationem
456 756 515 785 per
537 746 599 776 sed
623 746 845 786 continuatam,
868 748 945 777 nisi
969 748 1114 787 infertur,
1137 755 1166 778 et
1181 756 1299 779 contra.
1343 752 1388 780 Ea
1403 762 1479 783 vero
1495 760 1651 783 structura

74 796 139 819 tam
163 788 258 818 etiam
281 787 392 818 Tacito
415 787 580 817 familiaris
606 793 669 827 est,
698 794 732 817 ut
754 789 865 818 melius
888 790 916 818 ei
939 789 1134 820 consuluisse
1154 790 1334 831 videantur,
1368 793 1420 832 qui
1444 794 1482 822 ni
1504 795 1651 824 omissam

75 841 92 860 a
116 829 209 860 codd.
233 828 369 868 addunt,
407 839 501 869 quam
531 829 584 869 qui
615 829 792 859 auxisset
819 830 978 860 demutant
1004 833 1050 868 in,
1086 834 1203 860 auxit.
1246 833 1370 861 Deinde
1394 833 1544 864 bellum
1566 847 1650 866 nunc

75 871 148 907 dici,
171 876 362 911 quamrante
388 871 576 901 seditionem
598 877 737 907 vocarat,
774 882 832 911 per
854 882 888 901 se
908 878 1005 912 patet.
1029 872 1140 901 bello
1162 883 1239 902 vero
1263 880 1351 903 aucta
1375 875 1483 904 seditio
1504 876 1548 905 sic
1573 877 1650 907 mihi

75 912 262 953 explicanda
286 911 419 941 videtur.
464 912 611 952 Augeri
635 911 727 942 affine
752 919 797 942 est
820 914 1051 949 accrescendo,
1078 914 1209 955 aliisque
1238 915 1343 945 verbis
1372 926 1388 944 a
1417 918 1650 957 praepositione

76 954 123 983 ad
145 954 250 983 auctis.
294 954 405 994 anue
428 953 642 991 similitudine,
667 960 702 983 ut
730 954 808 983 baec
835 955 943 990 verba,
972 955 1108 985 dativum
1139 966 1221 985 nunc
1251 957 1392 997 assumit,
1425 958 1478 998 qui
1507 959 1649 998 proxime

77 995 200 1026 accedit
211 995 249 1024 ad
262 995 531 1035 praepositionem
556 1006 570 1024 a
581 995 600 1024 d
625 995 675 1025 vel
699 996 743 1025 in.
787 996 904 1026 Seditio
918 997 1013 1036 igitur
1027 997 1064 1025 ad
1079 997 1208 1035 bellum,
1227 998 1378 1028 invidiosa
1393 999 1647 1038 exprobratione,

75 1044 165 1067 aucta
200 1043 255 1068 est.
299 1037 462 1066 Sententia
493 1037 589 1077 igitur
616 1036 712 1068 haec:
750 1037 830 1067 Oria
853 1045 896 1068 est
918 1039 1045 1078 seditio,
1072 1038 1196 1068 ludicro
1219 1039 1325 1078 initio,
1353 1040 1408 1069 sed
1430 1051 1577 1071 numerus
1610 1052 1646 1071 ea

78 1079 233 1108 seditione
257 1087 420 1108 caesorum
445 1078 593 1108 iuvidiam
617 1079 663 1107 rei
686 1084 851 1119 tantopere
874 1080 968 1116 auxit,
990 1086 1023 1110 ut
1045 1079 1163 1109 bellum
1186 1087 1365 1111 vocaretur.

225 1130 340 1161 Ibid.
383 1130 515 1170 „Legati
537 1129 718 1170 tribunique
741 1140 778 1159 ex
799 1131 940 1160 moribus
962 1131 1189 1172 imperatorum
1211 1133 1433 1163 severitate
1453 1135 1647 1165 aemulantur

75 1172 127 1204 vel
149 1172 345 1213 tempestivis
370 1171 520 1202 conviviis
544 1171 711 1212 gaudent.“

224 1225 267 1253 Et
290 1223 360 1253 cod.
383 1230 413 1253 et
437 1222 485 1252 ed.
509 1223 592 1263 Spir.
618 1232 725 1252 casum
747 1229 869 1254 sextum
891 1223 1046 1264 referunt,
1066 1225 1121 1266 qui
1139 1236 1203 1255 non
1226 1225 1327 1255 miuus
1350 1235 1444 1256 verus
1466 1233 1522 1268 est,
1551 1239 1645 1269 quam

75 1272 216 1308 quartus,
239 1275 332 1306 quem
354 1264 502 1294 inferunt.
992 1271 999 1276 ’

224 1318 334 1349 nist.
353 1319 413 1349 II.
434 1326 468 1347 e.
495 1317 563 1348 26.
596 1316 738 1353 „Omnes
759 1317 812 1356 qui
827 1327 1009 1355 magnarum
1026 1328 1133 1348 rerum
1150 1318 1278 1348 consilia
1295 1318 1472 1359 suscipiunt,
1486 1320 1645 1352 aestimare

75 1359 206 1397 debent,
240 1370 294 1398 an,
328 1358 413 1400 quod
445 1358 701 1397 incohaturi,
736 1358 929 1398 reipublicae
958 1359 1046 1399 utile,
1080 1360 1156 1400 ipsis
1185 1360 1356 1401 gloriosum
1383 1367 1435 1390 aut
1462 1369 1644 1402 promptum

75 1400 245 1436 effectu,
268 1407 320 1431 aut
343 1411 431 1439 non,
454 1406 543 1429 certe
566 1410 627 1429 non
651 1399 784 1429 arduum
805 1400 871 1430 sit.“

225 1454 268 1483 Ita
291 1463 350 1493 per
371 1452 474 1482 omnia
498 1462 573 1482 vere
596 1452 664 1482 cod.
689 1454 808 1481 Tamen
830 1452 882 1481 vel
906 1451 1106 1482 coniecturae
1128 1448 1179 1481 vel
1203 1451 1291 1482 libris
1316 1453 1512 1493 interpolatis
1533 1465 1643 1494 parere

74 1494 204 1535 malunt,
224 1502 251 1525 et
273 1493 489 1525 inchoatur
512 1493 656 1524 scribunt
679 1499 708 1523 et
729 1493 877 1522 omittunt
899 1493 1031 1522 alterum
1054 1503 1138 1522 non.
1187 1494 1289 1522 Unum
1312 1501 1432 1532 tamen,
1467 1496 1550 1536 quod
1573 1496 1642 1526 cod.

75 1535 183 1575 habet,
213 1535 409 1576 improbavi,
437 1534 643 1565 effectum.
693 1535 772 1563 Nam
796 1545 984 1575 quamquam
1008 1534 1039 1563 id
1063 1544 1190 1574 quoque
1211 1535 1289 1564 tueri
1312 1537 1441 1575 poteris,
1472 1538 1497 1566 si
1518 1538 1641 1577 iungas:

73 1577 266 1616 incohaturi,
302 1577 387 1618 quod
415 1576 565 1607 effectum
595 1577 670 1617 reip.
700 1576 778 1605 utile
805 1576 846 1605 sit
874 1576 922 1606 vel
951 1576 1025 1616 ipsis
1053 1575 1241 1615 gloriosum;
1282 1583 1385 1606 tamen
1414 1578 1490 1607 mihi
1521 1585 1642 1608 eertum

77 1619 216 1656 videtur,
254 1619 297 1648 ita
327 1619 510 1660 iungentem
541 1619 684 1648 Tacitum
715 1618 863 1647 effectum
894 1628 955 1646 non
986 1623 1057 1657 post
1086 1623 1303 1657 promptum
1332 1619 1510 1658 positurum
1536 1619 1642 1659 luisse,

28 1674 35 1677 ’
74 1660 160 1691 cuius
183 1661 269 1691 vocis
292 1661 391 1691 omnis
414 1661 459 1690 vis
483 1671 543 1689 non
568 1661 597 1689 in
623 1670 723 1699 opere
746 1659 863 1689 effecto
887 1665 939 1699 est,
962 1658 1016 1688 sed
1042 1658 1071 1687 in
1095 1658 1274 1689 efficiendo.

225 1712 335 1745 Ilist-
356 1714 394 1743 2.
418 1721 452 1742 e.
474 1712 543 1743 78.
587 1712 670 1751 „Nec
701 1717 768 1740 erat
797 1711 931 1740 intactus
961 1710 1014 1739 tali
1041 1710 1277 1748 superstitione.
1313 1717 1348 1740 ut
1369 1710 1423 1751 qui
1443 1721 1514 1741 mox
1536 1720 1641 1740 rerum
1684 1740 1692 1749 ,

75 1754 218 1784 dominus
242 1754 409 1784 Seleucum
432 1754 586 1794 quendam
610 1752 864 1782 mathematicum
887 1759 917 1781 et
937 1751 1115 1792 praescium
1139 1751 1241 1790 palam
1264 1751 1439 1781 habuerit.“

225 1805 429 1843 Praeclarum
452 1805 513 1835 hoc
536 1805 712 1844 exemplum
735 1811 794 1844 est,
825 1814 919 1844 quam
940 1804 1074 1832 licenter
1098 1804 1223 1832 Tacitus
1245 1803 1430 1843 particulam
1455 1804 1567 1833 velut
1588 1803 1639 1833 vel

74 1853 116 1876 ut
138 1847 286 1876 omittere
309 1847 426 1884 soleat;
450 1857 521 1875 nam
544 1856 613 1875 cum
637 1856 706 1875 eam
729 1845 979 1885 superstitionem
999 1845 1067 1885 ipse
1089 1844 1257 1884 improbet,
1279 1855 1339 1874 non
1355 1851 1457 1874 tamen
1474 1845 1641 1874 Seleucum

74 1887 223 1917 habuisse
231 1888 330 1928 Vesp.
343 1888 419 1918 dicit
431 1895 469 1917 ut
482 1888 668 1927 praescium,
681 1887 734 1916 sed
748 1886 935 1926 praescium.
959 1887 1071 1926 quue
1084 1886 1181 1926 magis
1194 1886 1224 1915 id
1236 1886 1387 1915 memoria
1403 1885 1540 1926 dignum,
1553 1885 1639 1925 quod

74 1929 234 1969 praescius
256 1928 348 1959 fictus
372 1930 410 1958 ad
433 1929 688 1959 mathematicum
711 1939 817 1958 verum
840 1934 940 1957 tamen
964 1928 1078 1957 omissa
1108 1938 1142 1957 ea
1171 1927 1325 1966 particula
1355 1927 1488 1956 additur.
1531 1926 1639 1954 Simile

78 1971 260 2010 exemplum
287 1971 350 2001 hoc
379 1978 441 2011 est,
475 1972 556 1999 Ann.
586 1971 613 2006 1,
641 1971 696 2000 39:
732 1971 854 2010 „thue
881 1980 946 2000 mos
976 1969 1072 2009 vulgo
1100 1969 1241 2009 quamvis
1270 1968 1354 1998 falsis
1380 1979 1467 1997 reum
1491 1967 1637 2003 subdere,

76 2012 252 2042 Munatium
285 2013 456 2051 Plancum,
492 2012 657 2041 consulatu
692 2011 850 2047 functum,
890 2010 1064 2050 principem
1101 2010 1281 2051 legationis,
1321 2017 1482 2039 auctorem
1516 2013 1639 2036 senatus

76 2054 212 2084 consulti
242 2056 420 2083 accusant.“
467 2055 527 2083 Hic
557 2053 639 2082 enim
670 2064 731 2081 non
759 2059 799 2082 ut
826 2058 961 2089 tantum,
996 2052 1048 2081 sed
1078 2058 1261 2092 tanquam
1290 2051 1390 2081 omitti
1419 2050 1515 2079 vides.
1569 2050 1640 2079 Hoc

78 2104 188 2125 eorum
213 2105 306 2125 causa
330 2096 504 2126 amicorum
527 2094 672 2134 observo,
693 2094 757 2134 qui,
780 2105 875 2135 quum
898 2104 1001 2134 nuper
1023 2093 1101 2123 Hist.
1119 2093 1168 2130 V.,
1190 2094 1219 2123 3.
1241 2093 1452 2133 corrigerem:
1472 2090 1640 2131 „Utrisque

1174 2144 1237 2179 (2)
